%%%%%%%%%%%%%%%%%%%%%%%%%%%%%%%%%%%%%%%%%%%%%%%%%%%%%%%%%%%%%%%%%%%%%%%%%%%%
%%%%%%%%%%%%%%%%%%%%%%            BIBLIOGRAPHY FILE         %%%%%%%%%%%%%%%%
%%%%%%%%%%%%%%%%%%%%%%%%%%%%%%%%%%%%%%%%%%%%%%%%%%%%%%%%%%%%%%%%%%%%%%%%%%%%
%------------------------------------------------------------------------------------------------------------------------------------------------------------------------------------------------------

%SYNOPSIS
@article{vega2010heat,
  title={Heat capacity of water: A signature of nuclear quantum effects},
  author={Vega, C and Conde, Mar{\'\i}a M and McBride, Carl and Abascal, Jos{\'e} Luis F and Noya, Eva G and Ram{\'\i}rez, Rafael and Ses{\'e}, Luis M},
  journal={The Journal of chemical physics},
  volume={132},
  number={4},
  pages={046101},
  year={2010},
  publisher={American Institute of Physics}
}

@article{layfield2014hydrogen,
  title={Hydrogen tunneling in enzymes and biomimetic models},
  author={Layfield, Joshua P and Hammes-Schiffer, Sharon},
  journal={Chemical reviews},
  volume={114},
  number={7},
  pages={3466--3494},
  year={2014},
  publisher={ACS Publications}
}

@article{dalal1998coexistence,
  title={Coexistence of order-disorder and displacive features at the phase transitions in hydrogen-bonded solids: squaric acid and its analogs},
  author={Dalal, N and Klymachyov, A and Bussmann-Holder, A},
  journal={Physical review letters},
  volume={81},
  number={26},
  pages={5924},
  year={1998},
  publisher={APS}
}

@article{drechsel2014quantum,
  title={Quantum simulation of collective proton tunneling in hexagonal ice crystals},
  author={Drechsel-Grau, Christof and Marx, Dominik},
  journal={Physical Review Letters},
  volume={112},
  number={14},
  pages={148302},
  year={2014},
  publisher={APS}
}

%INTRODUCTION

@article{lange2003analysis,
  title={Analysis of proton- proton transfer dynamics in rotating solids and their use for 3D structure determination},
  author={Lange, Adam and Seidel, Karsten and Verdier, Laurent and Luca, Sorin and Baldus, Marc},
  journal={Journal of the American Chemical Society},
  volume={125},
  number={41},
  pages={12640--12648},
  year={2003},
  publisher={ACS Publications}
}

@article{nagel200921st,
  title={A 21st century revisionist's view at a turning point in enzymology},
  author={Nagel, Zachary D and Klinman, Judith P},
  journal={Nature chemical biology},
  volume={5},
  number={8},
  pages={543--550},
  year={2009},
  publisher={Nature Publishing Group}
}

@article{rein1964proton,
  title={Proton tunneling in radiation-induced mutation},
  author={Rein, Robert and Harris, Frank E},
  journal={Science},
  volume={146},
  number={3644},
  pages={649--650},
  year={1964},
  publisher={American Association for the Advancement of Science}
}

@article{riaz2013review,
  title={A review of cleaner production methods for the manufacture of methanol},
  author={Riaz, Amjad and Zahedi, Gholamreza and Kleme{\v{s}}, Ji{\v{r}}{\'\i} Jarom{\'\i}r},
  journal={Journal of Cleaner Production},
  volume={57},
  pages={19--37},
  year={2013},
  publisher={Elsevier}
}

@article{kohen1999hydrogen,
  title={Hydrogen tunneling in biology},
  author={Kohen, Amnon and Klinman, Judith P},
  journal={Chemistry \& biology},
  volume={6},
  number={7},
  pages={R191--R198},
  year={1999},
  publisher={Elsevier}
}



@article{london1936condensed,
  title={On condensed helium at absolute zero},
  author={London, F},
  journal={Proceedings of the Royal Society of London. Series A-Mathematical and Physical Sciences},
  volume={153},
  number={880},
  pages={576--583},
  year={1936},
  publisher={The Royal Society London}
}
@article{slocombe2022open,
  title={An open quantum systems approach to proton tunnelling in DNA},
  author={Slocombe, Louie and Sacchi, Marco and Al-Khalili, Jim},
  journal={Communications Physics},
  volume={5},
  number={1},
  pages={1--9},
  year={2022},
  publisher={Nature Publishing Group}
}


@article{tchipev2019twetris,
  title={TweTriS: Twenty trillion-atom simulation},
  author={Tchipev, Nikola and Seckler, Steffen and Heinen, Matthias and Vrabec, Jadran and Gratl, Fabio and Horsch, Martin and Bernreuther, Martin and Glass, Colin W and Niethammer, Christoph and Hammer, Nicolay and others},
  journal={The International Journal of High Performance Computing Applications},
  volume={33},
  number={5},
  pages={838--854},
  year={2019},
  publisher={SAGE Publications Sage UK: London, England}
}

@article{cahlik2021significance,
  title={Significance of nuclear quantum effects in hydrogen bonded molecular chains},
  author={Cahlik, Ales and Hellerstedt, Jack and Mendieta-Moreno, Jes{\'u}s I and Svec, Martin and Santhini, Vijai M and Pascal, Simon and Soler-Polo, Diego and Erlingsson, Sigurdur I and Vyborny, Karel and Mutombo, Pingo and others},
  journal={ACS nano},
  volume={15},
  number={6},
  pages={10357--10365},
  year={2021},
  publisher={ACS Publications}
}

@article{jardine2010determination,
  title={Determination of the quantum contribution to the activated motion of hydrogen on a metal surface: H/Pt (111)},
  author={Jardine, AP and Lee, EYM and Ward, DJ and Alexandrowicz, G and Hedgeland, H and Allison, W and Ellis, J and Pollak, Eli},
  journal={Physical review letters},
  volume={105},
  number={13},
  pages={136101},
  year={2010},
  publisher={APS}
}

@article{multicomponentshs,
  title={Multicomponent quantum chemistry: Integrating electronic and nuclear quantum effects via the nuclear--electronic orbital method},
  author={Pavosevic, Fabijan and Culpitt, Tanner and Hammes-Schiffer, Sharon},
  journal={Chemical reviews},
  volume={120},
  number={9},
  pages={4222--4253},
  year={2020},
  publisher={ACS Publications}
}
@article{pu2006multidimensional,
  title={Multidimensional tunneling, recrossing, and the transmission coefficient for enzymatic reactions},
  author={Pu, Jingzhi and Gao, Jiali and Truhlar, Donald G},
  journal={Chemical reviews},
  volume={106},
  number={8},
  pages={3140--3169},
  year={2006},
  publisher={ACS Publications}
}
@article{wang1998semiclassical,
  title={Semiclassical approximations for the calculation of thermal rate constants for chemical reactions in complex molecular systems},
  author={Wang, Haobin and Sun, Xiong and Miller, William H},
  journal={The Journal of Chemical Physics},
  volume={108},
  number={23},
  pages={9726--9736},
  year={1998},
  publisher={American Institute of Physics}
}

@article{gerber1982time,
  title={Time-dependent self-consistent field approximation for intramolecular energy transfer. I. Formulation and application to dissociation of van der Waals molecules},
  author={Gerber, Robert B and Buch, Victoria and Ratner, Mark A},
  journal={The Journal of Chemical Physics},
  volume={77},
  number={6},
  pages={3022--3030},
  year={1982},
  publisher={American Institute of Physics}
}

@article{billing1993quantum,
  title={Quantum corrections to the classical path theory},
  author={Billing, Gert D},
  journal={The Journal of chemical physics},
  volume={99},
  number={8},
  pages={5849--5857},
  year={1993},
  publisher={American Institute of Physics}
}


@article{marx1994ab,
  title={Ab initio path-integral molecular dynamics},
  author={Marx, Dominik and Parrinello, Michele},
  journal={Zeitschrift f{\"u}r Physik B Condensed Matter},
  volume={95},
  number={2},
  pages={143--144},
  year={1994},
  publisher={Springer}
}
@book{feynman2010quantum,
  title={Quantum mechanics and path integrals},
  author={Feynman, Richard P and Hibbs, Albert R and Styer, Daniel F},
  year={2010},
  publisher={Courier Corporation}
}


@article{ceriotti2016nuclear,
  title={Nuclear quantum effects in water and aqueous systems: Experiment, theory, and current challenges},
  author={Ceriotti, Michele and Fang, Wei and Kusalik, Peter G and McKenzie, Ross H and Michaelides, Angelos and Morales, Miguel A and Markland, Thomas E},
  journal={Chemical reviews},
  volume={116},
  number={13},
  pages={7529--7550},
  year={2016},
  publisher={ACS Publications}
}

@article{dereka2021crossover,
  title={Crossover from hydrogen to chemical bonding},
  author={Dereka, Bogdan and Yu, Qi and Lewis, Nicholas HC and Carpenter, William B and Bowman, Joel M and Tokmakoff, Andrei},
  journal={Science},
  volume={371},
  number={6525},
  pages={160--164},
  year={2021},
  publisher={American Association for the Advancement of Science}
}

@book{desiraju2001weak,
  title={The weak hydrogen bond: in structural chemistry and biology},
  author={Desiraju, Gautam R and Steiner, Thomas},
  volume={9},
  year={2001},
  publisher={International Union of Crystal}
}

@article{gilli2000towards,
  title={Towards an unified hydrogen-bond theory},
  author={Gilli, G and Gilli, P},
  journal={Journal of Molecular Structure},
  volume={552},
  number={1-3},
  pages={1--15},
  year={2000},
  publisher={Elsevier}
}

@article{steiner2002hydrogen,
  title={The hydrogen bond in the solid state},
  author={Steiner, Thomas},
  journal={Angewandte Chemie International Edition},
  volume={41},
  number={1},
  pages={48--76},
  year={2002},
  publisher={Wiley Online Library}
}

@article{goldsmith2018proton,
  title={Proton discharge on a gold electrode from triethylammonium in acetonitrile: theoretical modeling of potential-dependent kinetic isotope effects},
  author={Goldsmith, Zachary K and Lam, Yan Choi and Soudackov, Alexander V and Hammes-Schiffer, Sharon},
  journal={Journal of the American Chemical Society},
  volume={141},
  number={2},
  pages={1084--1090},
  year={2018},
  publisher={ACS Publications}
}

@article{lan2020ionization,
  title={Ionization of water as an effect of quantum delocalization at aqueous electrode interfaces},
  author={Lan, Jinggang and Rybkin, Vladimir V and Iannuzzi, Marcella},
  journal={The journal of physical chemistry letters},
  volume={11},
  number={9},
  pages={3724--3730},
  year={2020},
  publisher={ACS Publications}
}

@article{horiuchi2008organic,
  title={Organic ferroelectrics},
  author={Horiuchi, Sachio and Tokura, Yoshinori},
  journal={Nature materials},
  volume={7},
  number={5},
  pages={357--366},
  year={2008},
  publisher={Nature Publishing Group}
}

@article{trixler2013quantum,
  title={Quantum tunnelling to the origin and evolution of life},
  author={Trixler, Frank},
  journal={Current organic chemistry},
  volume={17},
  number={16},
  pages={1758--1770},
  year={2013},
  publisher={Bentham Science Publishers}
}
@article{sutcliffe2000enzymology,
  title={Enzymology takes a quantum leap forward},
  author={Sutcliffe, Michael J and Scrutton, Nigel S},
  journal={Philosophical Transactions of the Royal Society of London. Series A: Mathematical, Physical and Engineering Sciences},
  volume={358},
  number={1766},
  pages={367--386},
  year={2000},
  publisher={The Royal Society}
}

@article{wikfeldt2014communication,
  title={Communication: Ab initio simulations of hydrogen-bonded ferroelectrics: Collective tunneling and the origin of geometrical isotope effects},
  author={Wikfeldt, KT and Michaelides, A},
  journal={The Journal of Chemical Physics},
  volume={140},
  number={4},
  pages={041103},
  year={2014},
  publisher={American Institute of Physics}
}

@article{heller1975time,
  title={Time-dependent approach to semiclassical dynamics},
  author={Heller, Eric J},
  journal={The Journal of Chemical Physics},
  volume={62},
  number={4},
  pages={1544--1555},
  year={1975},
  publisher={American Institute of Physics}
}

@article{fernandez2007variational,
  title={Variational transition state theory with multidimensional tunneling},
  author={Fernandez-Ramos, Antonio and Ellingson, Benjamin A and Garrett, Bruce C and Truhlar, Donald G},
  journal={Reviews in computational chemistry},
  volume={23},
  pages={125},
  year={2007},
  publisher={Wiley Online Library}
}

@article{warshel1986simulation,
  title={Simulation of the dynamics of electron transfer reactions in polar solvents: semiclassical trajectories and dispersed polaron approaches},
  author={Warshel, Arieh and Hwang, Jenn-Kang},
  journal={The Journal of chemical physics},
  volume={84},
  number={9},
  pages={4938--4957},
  year={1986},
  publisher={American Institute of Physics}
}

@article{tachikawa1998extension,
  title={An extension of ab initio molecular orbital theory to nuclear motion},
  author={Tachikawa, Masanori and Mori, Kazuhide and Nakai, Hiromi and Iguchi, Kaoru},
  journal={Chemical physics letters},
  volume={290},
  number={4-6},
  pages={437--442},
  year={1998},
  publisher={Elsevier}
}

@article{webb2002multiconfigurational,
  title={Multiconfigurational nuclear-electronic orbital approach: Incorporation of nuclear quantum effects in electronic structure calculations},
  author={Webb, Simon P and Iordanov, Tzvetelin and Hammes-Schiffer, Sharon},
  journal={The Journal of chemical physics},
  volume={117},
  number={9},
  pages={4106--4118},
  year={2002},
  publisher={American Institute of Physics}
}

@article{capitani1982non,
  title={Non-Born--Oppenheimer density functional theory of molecular systems},
  author={Capitani, Joseph F and Nalewajski, Roman F and Parr, Robert G},
  journal={The Journal of Chemical Physics},
  volume={76},
  number={1},
  pages={568--573},
  year={1982},
  publisher={American Institute of Physics}
}

@article{kreibich2001multicomponent,
  title={Multicomponent density-functional theory for electrons and nuclei},
  author={Kreibich, Thomas and Gross, EKU},
  journal={Physical Review Letters},
  volume={86},
  number={14},
  pages={2984},
  year={2001},
  publisher={APS}
}

@article{zuev2003carbon,
  title={Carbon tunneling from a single quantum state},
  author={Zuev, Peter S and Sheridan, Robert S and Albu, Titus V and Truhlar, Donald G and Hrovat, David A and Borden, Weston Thatcher},
  journal={Science},
  volume={299},
  number={5608},
  pages={867--870},
  year={2003},
  publisher={American Association for the Advancement of Science}
}

@article{olsson2004simulations,
  title={Simulations of the large kinetic isotope effect and the temperature dependence of the hydrogen atom transfer in lipoxygenase},
  author={Olsson, Mats HM and Siegbahn, Per EM and Warshel, Arieh},
  journal={Journal of the American Chemical Society},
  volume={126},
  number={9},
  pages={2820--2828},
  year={2004},
  publisher={ACS Publications}
}

@article{truong2021large,
  title={Large isotope effects in organometallic chemistry},
  author={Truong, Phan T and Miller, Sophia G and McLaughlin Sta. Maria, Emily J and Bowring, Miriam A},
  journal={Chemistry--A European Journal},
  volume={27},
  number={60},
  pages={14800--14815},
  year={2021},
  publisher={Wiley Online Library}
}

@article{markland2018nuclear,
  title={Nuclear quantum effects enter the mainstream},
  author={Markland, Thomas E and Ceriotti, Michele},
  journal={Nature Reviews Chemistry},
  volume={2},
  number={3},
  pages={1--14},
  year={2018},
  publisher={Nature Publishing Group}
}

@article{blake2009proton,
  title={Proton-transfer reaction mass spectrometry},
  author={Blake, Robert S and Monks, Paul S and Ellis, Andrew M},
  journal={Chemical reviews},
  volume={109},
  number={3},
  pages={861--896},
  year={2009},
  publisher={ACS Publications}
}


@article{zhou2018unraveling,
  title={Unraveling the detailed mechanism of excited-state proton transfer},
  author={Zhou, Panwang and Han, Keli},
  journal={Accounts of chemical research},
  volume={51},
  number={7},
  pages={1681--1690},
  year={2018},
  publisher={ACS Publications}
  }
  
 @article{armentano2005intermolecular,
  title={Intermolecular proton transfer in solid phase: a rare example of crystal-to-crystal transformation from hydroxo-to oxo-bridged iron (III) molecule-based magnet},
  author={Armentano, Donatella and De Munno, Giovanni and Mastropietro, Teresa F and Julve, Miguel and Lloret, Francesc},
  journal={Journal of the American Chemical Society},
  volume={127},
  number={31},
  pages={10778--10779},
  year={2005},
  publisher={ACS Publications}
}





@article{litman2020temperature,
  title={Temperature dependence of the vibrational spectrum of porphycene: a qualitative failure of classical-nuclei molecular dynamics},
  author={Litman, Yair and Behler, J{\"o}rg and Rossi, Mariana},
  journal={Faraday Discussions},
  volume={221},
  pages={526--546},
  year={2020},
  publisher={Royal Society of Chemistry}
}

@article{sttoceek2022importance,
  title={Importance of Nuclear Quantum Effects for Molecular Cocrystals with Short Hydrogen Bonds},
  author={Stocek, Jakub Radek and Socha, Ondrej and Cisarova, Ivana and Slanina, Tomas and Dracinsky, Martin},
  journal={Journal of the American Chemical Society},
  volume={144},
  number={16},
  pages={7111--7116},
  year={2022},
  publisher={ACS Publications}
}

@article{fallacara2021thermal,
  title={Thermal and Nuclear Quantum Effects at the Antiferroelectric to Paraelectric Phase Transition in KOH and KOD Crystals},
  author={Fallacara, Erika and Depondt, Philippe and Huppert, Simon and Ceotto, Michele and Finocchi, Fabio},
  journal={The Journal of Physical Chemistry C},
  volume={125},
  number={40},
  pages={22328--22334},
  year={2021},
  publisher={ACS Publications}
}

@article{rossi2016anharmonic,
  title={Anharmonic and quantum fluctuations in molecular crystals: A first-principles study of the stability of paracetamol},
  author={Rossi, Mariana and Gasparotto, Piero and Ceriotti, Michele},
  journal={Physical review letters},
  volume={117},
  number={11},
  pages={115702},
  year={2016},
  publisher={APS}
}

@article{tian2022visualizing,
  title={Visualizing Eigen/Zundel cations and their interconversion in monolayer water on metal surfaces},
  author={Tian, Ye and Hong, Jiani and Cao, Duanyun and You, Sifan and Song, Yizhi and Cheng, Bowei and Wang, Zhichang and Guan, Dong and Liu, Xinmeng and Zhao, Zhengpu and others},
  journal={Science},
  volume={377},
  number={6603},
  pages={315--319},
  year={2022},
  publisher={American Association for the Advancement of Science}
}

@article{gewirth1997electrochemical,
  title={Electrochemical applications of in situ scanning probe microscopy},
  author={Gewirth, Andrew A and Niece, Brian K},
  journal={Chemical reviews},
  volume={97},
  number={4},
  pages={1129--1162},
  year={1997},
  publisher={ACS Publications}
}

@article{magnussen2019toward,
  title={Toward an atomic-scale understanding of electrochemical interface structure and dynamics},
  author={Magnussen, Olaf M and Gro{\ss}, Axel},
  journal={Journal of the American Chemical Society},
  volume={141},
  number={12},
  pages={4777--4790},
  year={2019},
  publisher={ACS Publications}
}

@article{yan2020nuclear,
  title={Nuclear quantum effect for hydrogen adsorption on Pt (111)},
  author={Yan, Lei and Yamamoto, Yoshiyuki and Shiga, Motoyuki and Sugino, Osamu},
  journal={Physical Review B},
  volume={101},
  number={16},
  pages={165414},
  year={2020},
  publisher={APS}
}




%INTRODUCTION

@article{tchipev2019twetris,
  title={TweTriS: Twenty trillion-atom simulation},
  author={Tchipev, Nikola and Seckler, Steffen and Heinen, Matthias and Vrabec, Jadran and Gratl, Fabio and Horsch, Martin and Bernreuther, Martin and Glass, Colin W and Niethammer, Christoph and Hammer, Nicolay and others},
  journal={The International Journal of High Performance Computing Applications},
  volume={33},
  number={5},
  pages={838--854},
  year={2019},
  publisher={SAGE Publications Sage UK: London, England}
}





@article{gerber1982time,
  title={Time-dependent self-consistent field approximation for intramolecular energy transfer. I. Formulation and application to dissociation of van der Waals molecules},
  author={Gerber, Robert B and Buch, Victoria and Ratner, Mark A},
  journal={The Journal of Chemical Physics},
  volume={77},
  number={6},
  pages={3022--3030},
  year={1982},
  publisher={American Institute of Physics}
}

@article{billing1993quantum,
  title={Quantum corrections to the classical path theory},
  author={Billing, Gert D},
  journal={The Journal of chemical physics},
  volume={99},
  number={8},
  pages={5849--5857},
  year={1993},
  publisher={American Institute of Physics}
}








@article{goldsmith2018proton,
  title={Proton discharge on a gold electrode from triethylammonium in acetonitrile: theoretical modeling of potential-dependent kinetic isotope effects},
  author={Goldsmith, Zachary K and Lam, Yan Choi and Soudackov, Alexander V and Hammes-Schiffer, Sharon},
  journal={Journal of the American Chemical Society},
  volume={141},
  number={2},
  pages={1084--1090},
  year={2018},
  publisher={ACS Publications}
}


@article{trixler2013quantum,
  title={Quantum tunnelling to the origin and evolution of life},
  author={Trixler, Frank},
  journal={Current organic chemistry},
  volume={17},
  number={16},
  pages={1758--1770},
  year={2013},
  publisher={Bentham Science Publishers}
}




@article{tachikawa1998extension,
  title={An extension of ab initio molecular orbital theory to nuclear motion},
  author={Tachikawa, Masanori and Mori, Kazuhide and Nakai, Hiromi and Iguchi, Kaoru},
  journal={Chemical physics letters},
  volume={290},
  number={4-6},
  pages={437--442},
  year={1998},
  publisher={Elsevier}
}




@article{olsson2004simulations,
  title={Simulations of the large kinetic isotope effect and the temperature dependence of the hydrogen atom transfer in lipoxygenase},
  author={Olsson, Mats HM and Siegbahn, Per EM and Warshel, Arieh},
  journal={Journal of the American Chemical Society},
  volume={126},
  number={9},
  pages={2820--2828},
  year={2004},
  publisher={ACS Publications}
}



%---





%METHODS

@incollection{parr1980density,
  title={Density functional theory of atoms and molecules},
  author={Parr, Robert G},
  booktitle={Horizons of quantum chemistry},
  pages={5--15},
  year={1980},
  publisher={Springer}
}

@book{dreizler2012density,
  title={Density functional theory: an approach to the quantum many-body problem},
  author={Dreizler, Reiner M and Gross, Eberhard KU},
  year={2012},
  publisher={Springer Science \& Business Media}
}

@book{tuckerman2010statistical,
  title={Statistical mechanics: theory and molecular simulation},
  author={Tuckerman, Mark},
  year={2010},
  publisher={Oxford university press}
}
@book{allen2017computer,
  title={Computer simulation of liquids},
  author={Allen, Michael P and Tildesley, Dominic J},
  year={2017},
  publisher={Oxford university press}
}

@book{marx2009ab,
  title={Ab initio molecular dynamics: basic theory and advanced methods},
  author={Marx, Dominik and Hutter, J{\"u}rg},
  year={2009},
  publisher={Cambridge University Press}
}


@book{Martin2004,
  title = {Electronic Structure: Basic Theory and Practical Methods},
  publisher = {Cambridge University Press, New York},
  year = {2004},
  editor = {R. M. Martin},
  edition = {2},
}

@ARTICLE{bo,
  author = {M. Born and J. R. Oppenheimer},
  title = {Born-oppenheimer approximation},
  journal = {Ann. Physik},
  year = {1927},
  volume = {84},
  pages = {457},
  number = {},
}

@ARTICLE{DFT_HK1964,
  author = {W. Hohenberg and P. Kohn},
  title = {Inhomogeneous electron gas},
  journal = {Phys. Rev.},
  year = {1964},
  volume = {136},
  pages = {864-871},
  number = {},
}

@ARTICLE{DFT_KS1965,
  author = {W. Kohn and L. J. Sham},
  title = {Self-consistent equations including exchange and correlation effects.},
  journal = {Phys. Rev.},
  year = {1965},
  volume = {140(4A)},
  pages = {A1133-A1138},
  number = {},
}

@article{GGA-PBE1996,
  author = {John P. Perdew and Kieron Burke and Matthias Ernzerhof},
  title = {{G}eneralized {G}radient {A}pproximation Made Simple},
  journal = {Phys. Rev. Lett.},
  year = {1996},
  volume = {77},
  pages = {3865-3868},
  number = {18}, 
  doi = {10.1103/PhysRevLett.77.3865}
}

@article{becke1988density,
  title={Density-functional exchange-energy approximation with correct asymptotic behavior},
  author={Becke, Axel D},
  journal={Physical review A},
  volume={38},
  number={6},
  pages={3098},
  year={1988},
  publisher={APS}
}

@article{lee1988development,
  title={Development of the Colle-Salvetti correlation-energy formula into a functional of the electron density},
  author={Lee, Chengteh and Yang, Weitao and Parr, Robert G},
  journal={Physical review B},
  volume={37},
  number={2},
  pages={785},
  year={1988},
  publisher={APS}
}

@article{senn2009qm,
  title={QM/MM methods for biomolecular systems},
  author={Senn, Hans Martin and Thiel, Walter},
  journal={Angewandte Chemie International Edition},
  volume={48},
  number={7},
  pages={1198--1229},
  year={2009},
  publisher={Wiley Online Library}
}

@ARTICLE{Feynman1939,
   author = {{Feynman}, R.~P.},
    title = {Forces in Molecules},
  journal = {Physical Review},
     year = {1939},
    month = {aug},
   volume = {56},
    pages = {340-343},
      doi = {10.1103/PhysRev.56.340},
   adsurl = {http://adsabs.harvard.edu/abs/1939PhRv...56..340F},
  adsnote = {Provided by the SAO/NASA Astrophysics Data System}
}

@article{tuckerman2002path,
  title={Path integration via molecular dynamics},
  author={Tuckerman, Mark E},
  journal={Quantum Simulations of Complex Many-Body Systems: From Theory to Algorithms},
  volume={10},
  pages={269},
  year={2002},
  publisher={Citeseer}
}

@article{ceriotti2012efficient,
  title={Efficient first-principles calculation of the quantum kinetic energy and momentum distribution of nuclei},
  author={Ceriotti, Michele and Manolopoulos, David E},
  journal={Physical review letters},
  volume={109},
  number={10},
  pages={100604},
  year={2012},
  publisher={APS}
}

@article{rossi2018fine,
  title={Fine tuning classical and quantum molecular dynamics using a generalized Langevin equation},
  author={Rossi, Mariana and Kapil, Venkat and Ceriotti, Michele},
  journal={The Journal of Chemical Physics},
  volume={148},
  number={10},
  pages={102301},
  year={2018},
  publisher={AIP Publishing LLC}
}

@article{bussi2007canonical,
  title={Canonical sampling through velocity rescaling},
  author={Bussi, Giovanni and Donadio, Davide and Parrinello, Michele},
  journal={The Journal of chemical physics},
  volume={126},
  number={1},
  pages={014101},
  year={2007},
  publisher={American Institute of Physics}
}

@article{jones2011adaptive,
  title={Adaptive stochastic methods for sampling driven molecular systems},
  author={Jones, Andrew and Leimkuhler, Ben},
  journal={The Journal of chemical physics},
  volume={135},
  number={8},
  pages={084125},
  year={2011},
  publisher={American Institute of Physics}
}

@article{ceriotti2009langevin,
  title={Langevin equation with colored noise for constant-temperature molecular dynamics simulations},
  author={Ceriotti, Michele and Bussi, Giovanni and Parrinello, Michele},
  journal={Physical review letters},
  volume={102},
  number={2},
  pages={020601},
  year={2009},
  publisher={APS}
}

@article{ceriotti2009nuclear,
  title={Nuclear quantum effects in solids using a colored-noise thermostat},
  author={Ceriotti, Michele and Bussi, Giovanni and Parrinello, Michele},
  journal={Physical review letters},
  volume={103},
  number={3},
  pages={030603},
  year={2009},
  publisher={APS}
}

@article{craig2004quantum,
  title={Quantum statistics and classical mechanics: Real time correlation functions from ring polymer molecular dynamics},
  author={Craig, Ian R and Manolopoulos, David E},
  journal={The Journal of chemical physics},
  volume={121},
  number={8},
  pages={3368--3373},
  year={2004},
  publisher={American Institute of Physics}
}

%---------------------------------------------------------------------
%---------------------------------------------------------------------
%---------------------------------------------------------------------
%---------------------------------------------------------------------

%Chapter1

@article{florian1994proton,
  title={Proton transfer in the adenine-thymine base pair},
  author={Florian, Jan and Hrouda, Vojtech and Hobza, Pavel},
  journal={Journal of the American Chemical Society},
  volume={116},
  number={4},
  pages={1457--1460},
  year={1994},
  publisher={ACS Publications}
}

@article{jacquemin2014assessing, 
  title={Assessing the importance of proton transfer reactions in DNA},
  author={Jacquemin, Denis and Zuniga, Jose and Requena, Alberto and C{\'e}ron-Carrasco, Jos{\'e} Pedro},
  journal={Accounts of chemical research},
  volume={47},
  number={8},
  pages={2467--2474},
  year={2014},
  publisher={ACS Publications}
  }

@article{kirby1997efficiency,
  title={Efficiency of proton transfer catalysis in models and enzymes},
  author={Kirby, Anthony J},
  journal={Accounts of chemical research},
  volume={30},
  number={7},
  pages={290--296},
  year={1997},
  publisher={ACS Publications}
}


@article{richard2011enzymatic,
  title={Enzymatic catalysis of proton transfer and decarboxylation reactions},
  author={Richard, John P},
  journal={Pure and Applied Chemistry},
  volume={83},
  number={8},
  pages={1555--1565},
  year={2011},
  publisher={De Gruyter}
}

@article{blomberg2006different,
  title={Different types of biological proton transfer reactions studied by quantum chemical methods},
  author={Blomberg, Margareta RA and Siegbahn, Per EM},
  journal={Biochimica et Biophysica Acta (BBA)-Bioenergetics},
  volume={1757},
  number={8},
  pages={969--980},
  year={2006},
  publisher={Elsevier}
}



@article{arnaut1993excited,
  title={Excited-state proton transfer reactions I. Fundamentals and intermolecular reactions},
  author={Arnaut, Lu{\'\i}s G and Formosinho, Sebasti{\~a}o J},
  journal={Journal of Photochemistry and Photobiology A: Chemistry},
  volume={75},
  number={1},
  pages={1--20},
  year={1993},
  publisher={Elsevier}
}



@article{sedgwick2018excited,
  title={Excited-state intramolecular proton-transfer (ESIPT) based fluorescence sensors and imaging agents},
  author={Sedgwick, Adam C and Wu, Luling and Han, Hai-Hao and Bull, Steven D and He, Xiao-Peng and James, Tony D and Sessler, Jonathan L and Tang, Ben Zhong and Tian, He and Yoon, Juyoung},
  journal={Chemical Society Reviews},
  volume={47},
  number={23},
  pages={8842--8880},
  year={2018},
  publisher={Royal Society of Chemistry}
}


@article{yang2014macro,
  title={Macro-/micro-environment-sensitive chemosensing and biological imaging},
  author={Yang, Zhigang and Cao, Jianfang and He, Yanxia and Yang, Jung Ho and Kim, Taeyoung and Peng, Xiaojun and Kim, Jong Seung},
  journal={Chemical Society Reviews},
  volume={43},
  number={13},
  pages={4563--4601},
  year={2014},
  publisher={Royal Society of Chemistry}
}


@article{kwon2011advanced,
  title={Advanced organic optoelectronic materials: Harnessing excited-state intramolecular proton transfer (ESIPT) process},
  author={Kwon, Ji Eon and Park, Soo Young},
  journal={Advanced Materials},
  volume={23},
  number={32},
  pages={3615--3642},
  year={2011},
  publisher={Wiley Online Library}
}


@article{huynh2007proton,
  title={Proton-coupled electron transfer},
  author={Huynh, My Hang V and Meyer, Thomas J},
  journal={Chemical Reviews},
  volume={107},
  number={11},
  pages={5004--5064},
  year={2007},
  publisher={ACS Publications}
}

@article{costentin2010update,
  title={Update 1 of: Electrochemical approach to the mechanistic study of proton-coupled electron transfer},
  author={Costentin, Cyrille and Robert, Marc and Sav{\'e}ant, Jean-Michel},
  journal={Chemical reviews},
  volume={110},
  number={12},
  pages={PR1--PR40},
  year={2010}
}
@article{hammes2010theory,
  title={Theory of coupled electron and proton transfer reactions},
  author={Hammes-Schiffer, Sharon and Stuchebrukhov, Alexei A},
  journal={Chemical reviews},
  volume={110},
  number={12},
  pages={6939--6960},
  year={2010},
  publisher={ACS Publications}
}

@article{dempsey2010proton,
  title={Proton-coupled electron flow in protein redox machines},
  author={Dempsey, Jillian L and Winkler, Jay R and Gray, Harry B},
  journal={Chemical reviews},
  volume={110},
  number={12},
  pages={7024--7039},
  year={2010},
  publisher={ACS Publications}
}
@article{warren2010thermochemistry,
  title={Thermochemistry of proton-coupled electron transfer reagents and its implications},
  author={Warren, Jeffrey J and Tronic, Tristan A and Mayer, James M},
  journal={Chemical reviews},
  volume={110},
  number={12},
  pages={6961--7001},
  year={2010},
  publisher={ACS Publications}
}



@article{yoshizawa2003ionic,
  title={Ionic liquids by proton transfer: Vapor pressure, conductivity, and the relevance of $\Delta$p K a from aqueous solutions},
  author={Yoshizawa, Masahiro and Xu, Wu and Angell, C Austen},
  journal={Journal of the American Chemical Society},
  volume={125},
  number={50},
  pages={15411--15419},
  year={2003},
  publisher={ACS Publications}
}


@article{richard2012paradigm,
  title={A paradigm for enzyme-catalyzed proton transfer at carbon: triosephosphate isomerase},
  author={Richard, John P},
  journal={Biochemistry},
  volume={51},
  number={13},
  pages={2652--2661},
  year={2012},
  publisher={ACS Publications}
}

}

@article{ma_diheme,
author = {Zhongxin Ma  and Heather R. Williamson  and Victor L. Davidson },
title = {Roles of multiple-proton transfer pathways and proton-coupled electron transfer in the reactivity of the <i>bis</i>-Fe<sup>IV</sup> state of MauG},
journal = {Proceedings of the National Academy of Sciences},
volume = {112},
number = {35},
pages = {10896-10901},
year = {2015},
doi = {10.1073/pnas.1510986112},
URL = {https://www.pnas.org/doi/abs/10.1073/pnas.1510986112},
eprint = {https://www.pnas.org/doi/pdf/10.1073/pnas.1510986112},
abstract = {The diheme enzyme MauG stabilizes a unique high-valent redox state in which the two hemes are each present as FeIV and communicate via an intervening tryptophan residue. A network of amino acid side chains and structured waters are used to coordinate multiple proton and electron transfers that are responsible for the charge–resonance stabilization of the high-valent state and control of its reactivity. This describes a rare example of how an enzyme can use multiple pathways involving multiple-proton transfers in the transition state of a reaction, and demonstrates what may be a previously unrecognized mechanism by which proteins are able to control and use otherwise highly reactive transient species. The high-valent state of the diheme enzyme MauG exhibits charge–resonance (CR) stabilization in which the major species is a bis-FeIV state with one heme present as FeIV=O and the other as FeIV with axial heme ligands provided by His and Tyr side chains. In the absence of its substrate, the high-valent state is relatively stable and returns to the diferric state over several minutes. It is shown that this process occurs in two phases. The first phase is redistribution of the resonance species that support the CR. The second phase is the loss of CR and reduction to the diferric state. Thermodynamic analysis revealed that the rates of the two phases exhibited different temperature dependencies and activation energies of 8.9 and 19.6 kcal/mol. The two phases exhibited kinetic solvent isotope effects of 2.5 and 2.3. Proton inventory plots of each reaction phase exhibited extreme curvature that could not be fit to models for one- or multiple-proton transfers in the transition state. Each did fit well to a model for two alternative pathways for proton transfer, each involving multiple protons. In each case the experimentally determined fractionation factors were consistent with one of the pathways involving tunneling. The percent of the reaction that involved the tunneling pathway differed for the two reaction phases. Using the crystal structure of MauG it was possible to propose proton–transfer pathways consistent with the experimental data using water molecules and amino acid side chains in the distal pocket of the high-spin heme.}}

@article{ptatgc,
author = {Gorb, Leonid and Podolyan, Yevgeniy and Dziekonski, Pawel and Sokalski, W. Andrzej and Leszczynski, Jerzy},
title = {Double-Proton Transfer in Adenine−Thymine and Guanine−Cytosine Base Pairs. A Post-Hartree−Fock ab Initio Study},
journal = {Journal of the American Chemical Society},
volume = {126},
number = {32},
pages = {10119-10129},
year = {2004},
doi = {10.1021/ja049155n},
    note ={PMID: 15303888},

URL = {  https://doi.org/10.1021/ja049155n},
eprint = {https://doi.org/10.1021/ja049155n}
}

@article{nqerect,
author = {Robert J. McMahon },
title = {Chemical Reactions Involving Quantum Tunneling},
journal = {Science},
volume = {299},
number = {5608},
pages = {833-834},
year = {2003},
doi = {10.1126/science.1080715},
URL = {https://www.science.org/doi/abs/10.1126/science.1080715},
eprint = {https://www.science.org/doi/pdf/10.1126/science.1080715}}

@article{nqebio,
author = {Robin J. Shanon, Mark A. Blitz, Andrew Godard and Dwayne E. Heard },
title = {Accelerated chemistry in the reaction between the hydroxyl radical and methanol at interstellar temperatures facilitated by tunnelling},
journal = {Nature Chemistry},
volume = {5},
number = {},
pages = {745-749},
year = {2013},
doi = {10.1038/nchem.1692}
}

@article{klinman,
author = {Klinman, Judith P. and Kohen, Amnon},
title = {Hydrogen Tunneling Links Protein Dynamics to Enzyme Catalysis},
journal = {Annual Review of Biochemistry},
volume = {82},
number = {1},
pages = {471-496},
year = {2013},
doi = {10.1146/annurev-biochem-051710-133623},
    note ={PMID: 23746260},

URL = { 
        https://doi.org/10.1146/annurev-biochem-051710-133623
    
},
eprint = { 
        https://doi.org/10.1146/annurev-biochem-051710-133623
    
}
,
    abstract = { The relationship between protein dynamics and function is a subject of considerable contemporary interest. Although protein motions are frequently observed during ligand binding and release steps, the contribution of protein motions to the catalysis of bond making/breaking processes is more difficult to probe and verify. Here, we show how the quantum mechanical hydrogen tunneling associated with enzymatic C-H bond cleavage provides a unique window into the necessity of protein dynamics for achieving optimal catalysis. Experimental findings support a hierarchy of thermodynamically equilibrated motions that control the H-donor and -acceptor distance and active-site electrostatics, creating an ensemble of conformations suitable for H-tunneling. A possible extension of this view to methyl transfer and other catalyzed reactions is also presented. The impact of understanding these dynamics on the conceptual framework for enzyme activity, inhibitor/drug design, and biomimetic catalyst design is likely to be substantial. }
}

@article{craig2004quantum,
  title={Quantum statistics and classical mechanics: Real time correlation functions from ring polymer molecular dynamics},
  author={Craig, Ian R and Manolopoulos, David E},
  journal={The Journal of chemical physics},
  volume={121},
  number={8},
  pages={3368--3373},
  year={2004},
  publisher={American Institute of Physics}
}

@Article{marx,
author ="Drechsel-Grau, Christof and Marx, Dominik",
title  ="Collective proton transfer in ordinary ice: local environments{,} temperature dependence and deuteration effects",
journal  ="Phys. Chem. Chem. Phys.",
year  ="2017",
volume  ="19",
issue  ="4",
pages  ="2623-2635",
publisher  ="The Royal Society of Chemistry",
doi  ="10.1039/C6CP05679B",
url  ="http://dx.doi.org/10.1039/C6CP05679B",
abstract  ="The transfer of multiple protons in hydrogen-bonded networks usually occurs one proton at a time. At sufficiently high temperatures{,} each proton transfers via thermally activated hopping along its hydrogen bond{,} thereby moving a charge defect through the network. At low temperatures{,} quantum-mechanical tunnelling might set in instead{,} thus avoiding hopping over the energy barriers. In the case of several transferring protons{,} independent thermal hopping or quantum tunnelling of the individual protons becomes less favourable because of a significant creation of charge defects. In individual molecules or hydrogen-bonded molecular complexes{,} for instance{,} double proton transfer is often found to be concerted. Multiple proton transfer that avoids charge defects can occur in cyclic topologies built from several hydrogen bonds that allow for directional chains of proton transfer. This requires perfect proton order within these rings{,} which imposes handedness and thus chirality{,} and changes parity upon transfer of all protons. Ordinary ice{,} which is hexagonal ice Ih{,} is the most stable form of crystalline ice obtained upon freezing liquid water at ambient pressure and consists of interconnected six rings of oxygen atoms that host six protons each. These hexagonal rings remain proton disordered even down to low temperatures{,} as heralded by the residual entropy of ice Ih. However{,} owing to combinatorics{,} a certain number of these six rings is proton ordered in macroscopic crystals. These chiral hexameric rings might support coherent tunnelling of the hosted protons. Indeed{,} there is some evidence in the recent literature{,} both experimental and simulational{,} that correlated tunnelling of all six protons might be possible in proton-ordered six rings in ice Ih if temperatures are low enough. In this Perspective{,} the key ideas and previous findings will be reviewed in the light of relevant experiments with a focus on available ab initio path integral simulation work supplemented with additional data provided herein."}

@article{porphycene_expt,
author = {Koch, Matthias and Pagan, Mark and Persson, Mats and Gawinkowski, Sylwester and Waluk, Jacek and Kumagai, Takashi},
title = {Direct Observation of Double Hydrogen Transfer via Quantum Tunneling in a Single Porphycene Molecule on a Ag(110) Surface},
journal = {Journal of the American Chemical Society},
volume = {139},
number = {36},
pages = {12681-12687},
year = {2017},
doi = {10.1021/jacs.7b06905},
    note ={PMID: 28826219},

URL = {https://doi.org/10.1021/jacs.7b06905},

eprint = { https://doi.org/10.1021/jacs.7b06905}
}

@article{porphycene_th,
author = {Litman, Yair and Richardson, Jeremy O. and Kumagai, Takashi and Rossi, Mariana},
title = {Elucidating the Nuclear Quantum Dynamics of Intramolecular Double Hydrogen Transfer in Porphycene},
journal = {Journal of the American Chemical Society},
volume = {141},
number = {6},
pages = {2526-2534},
year = {2019},
doi = {10.1021/jacs.8b12471},
    note ={PMID: 30648386},

URL = { 
        https://doi.org/10.1021/jacs.8b12471
    
},
eprint = { 
        https://doi.org/10.1021/jacs.8b12471}}
        
@article{zewail,
author = {Oh-Hoon Kwon  and Ahmed H. Zewail },
title = {Double proton transfer dynamics of model DNA base pairs in the condensed phase},
journal = {Proceedings of the National Academy of Sciences},
volume = {104},
number = {21},
pages = {8703-8708},
year = {2007},
doi = {10.1073/pnas.0702944104},
URL = {https://www.pnas.org/doi/abs/10.1073/pnas.0702944104},
eprint = {https://www.pnas.org/doi/pdf/10.1073/pnas.0702944104},
abstract = {The dynamics of excited-state double proton transfer of model DNA base pairs, 7-azaindole dimers, is reported using femtosecond fluorescence spectroscopy. To elucidate the nature of the transfer in the condensed phase, here we examine variation of solvent polarity and viscosity, solute concentration, and isotopic fractionation. The rate of proton transfer is found to be significantly dependent on polarity and on the isotopic composition in the pair. Consistent with a stepwise mechanism, the results support the presence of an ionic intermediate species which forms on the femtosecond time scale and decays to the final tautomeric form on the picosecond time scale. We discuss the results in relation to the molecular motions involved and comment on recent claims of concerted transfer in the condensed phase. The nonconcerted mechanism is in agreement with previous isolated-molecule femtosecond dynamics and is also consistent with the most-recent high-level theoretical study on the same pair.}}


@article{mayer2004thermodynamics,
  title={Thermodynamics and kinetics of proton-coupled electron transfer: stepwise vs. concerted pathways},
  author={Mayer, James M and Rhile, Ian J},
  journal={Biochimica et Biophysica Acta (BBA)-Bioenergetics},
  volume={1655},
  pages={51--58},
  year={2004},
  publisher={Elsevier}
}

@article{rhile2006concerted,
  title={Concerted proton- electron transfer in the oxidation of hydrogen-bonded phenols},
  author={Rhile, Ian J and Markle, Todd F and Nagao, Hirotaka and DiPasquale, Antonio G and Lam, Oanh P and Lockwood, Mark A and Rotter, Katrina and Mayer, James M},
  journal={Journal of the American Chemical Society},
  volume={128},
  number={18},
  pages={6075--6088},
  year={2006},
  publisher={ACS Publications}
}

@article{waluk2017spectroscopy,
  title={Spectroscopy and tautomerization studies of porphycenes},
  author={Waluk, Jacek},
  journal={Chemical Reviews},
  volume={117},
  number={4},
  pages={2447--2480},
  year={2017},
  publisher={ACS Publications}
}

@article{abou2001tautomerization,
  title={Tautomerization dynamics of a model base pair in DNA},
  author={Abou-Zied, Osama K and Jimenez, Ralph and Romesberg, Floyd E},
  journal={Journal of the American Chemical Society},
  volume={123},
  number={19},
  pages={4613--4614},
  year={2001},
  publisher={ACS Publications}
}

@article{liljeroth2007current,
  title={Current-induced hydrogen tautomerization and conductance switching of naphthalocyanine molecules},
  author={Liljeroth, Peter and Repp, Jascha and Meyer, Gerhard},
  journal={Science},
  volume={317},
  number={5842},
  pages={1203--1206},
  year={2007},
  publisher={American Association for the Advancement of Science}
}

@article{storm1972nitrogen,
  title={Nitrogen-hydrogen tautomerism in porphyrines and chlorines},
  author={Storm, CB and Teklu, Y},
  journal={Journal of the American Chemical Society},
  volume={94},
  number={5},
  pages={1745--1747},
  year={1972},
  publisher={ACS Publications}
}

@book{antonov2013tautomerism,
  title={Tautomerism: methods and theories},
  author={Antonov, Liudmil},
  year={2013},
  publisher={John Wiley \& Sons}
}


@article{ivanov2015quantum,
  title={Quantum free energy landscapes from ab initio path integral metadynamics: Double proton transfer in the formic acid dimer is concerted but not correlated},
  author={Ivanov, Sergei D and Grant, Ian M and Marx, Dominik},
  journal={The Journal of Chemical Physics},
  volume={143},
  number={12},
  pages={124304},
  year={2015},
  publisher={AIP Publishing LLC}
}



@article{wang2021stimuli,
  title={Stimuli-induced reversible proton transfer for stimuli-responsive materials and devices},
  author={Wang, Yuyang and Zhang, Yu-Mo and Zhang, Sean Xiao-An},
  journal={Accounts of Chemical Research},
  volume={54},
  number={9},
  pages={2216--2226},
  year={2021},
  publisher={ACS Publications}
}


@article{loerting1998toward,
  title={Toward elimination of discrepancies between theory and experiment: Double proton transfer in dimers of carboxylic acids},
  author={Loerting, Thomas and Liedl, Klaus R},
  journal={Journal of the American Chemical Society},
  volume={120},
  number={48},
  pages={12595--12600},
  year={1998},
  publisher={ACS Publications}
}


@article{kwon2007double,
  title={Double proton transfer dynamics of model DNA base pairs in the condensed phase},
  author={Kwon, Oh-Hoon and Zewail, Ahmed H},
  journal={Proceedings of the National Academy of Sciences},
  volume={104},
  number={21},
  pages={8703--8708},
  year={2007},
  publisher={National Acad Sciences}
}

@article{peng2015optically,
  title={Optically triggered stepwise double-proton transfer in an intramolecular proton relay: A case study of 1, 8-dihydroxy-2-naphthaldehyde},
  author={Peng, Chia-Yu and Shen, Jiun-Yi and Chen, Yi-Ting and Wu, Pei-Jhen and Hung, Wen-Yi and Hu, Wei-Ping and Chou, Pi-Tai},
  journal={Journal of the American Chemical Society},
  volume={137},
  number={45},
  pages={14349--14357},
  year={2015},
  publisher={ACS Publications}
}

@article{douhal1995femtosecond,
  title={Femtosecond molecular dynamics of tautomerization in model base pairs},
  author={Douhal, A and Kim, SK and Zewail, AH},
  journal={Nature},
  volume={378},
  number={6554},
  pages={260--263},
  year={1995},
  publisher={Nature Publishing Group}
}

@article{catalan1999resolution,
  title={Resolution of concerted versus sequential mechanisms in photo-induced double-proton transfer reaction in 7-azaindole H-bonded dimer},
  author={Catal{\'a}n, Javier and del Valle, Juan Carlos and Kasha, Michael},
  journal={Proceedings of the National Academy of Sciences},
  volume={96},
  number={15},
  pages={8338--8343},
  year={1999},
  publisher={National Acad Sciences}
}

@article{fadzil2014brief,
  title={A brief review of para-xylene oxidation to terephthalic acid as a model of primary C--H bond activation},
  author={Fadzil, Nor Aqilah Mohd and Rahim, Mohd Hasbi Ab and Maniam, Gaanty Pragas},
  journal={Chinese Journal of Catalysis},
  volume={35},
  number={10},
  pages={1641--1652},
  year={2014},
  publisher={Elsevier}
}

@article{karothu2016shape,
  title={Shape-memory and self-healing effects in mechanosalient molecular crystals},
  author={Karothu, Durga Prasad and Weston, James and Desta, Israel Tilahun and Naumov, Pance},
  journal={Journal of the American Chemical Society},
  volume={138},
  number={40},
  pages={13298--13306},
  year={2016},
  publisher={ACS Publications}
}

@article{ahmed2019shape,
  title={Shape-memory effects in molecular crystals},
  author={Ahmed, Ejaz and Karothu, Durga Prasad and Warren, Mark and Naumov, Pan{\v{c}}e},
  journal={Nature communications},
  volume={10},
  number={1},
  pages={1--9},
  year={2019},
  publisher={Nature Publishing Group}
}


@article{arunan2011definition,
  title={Definition of the hydrogen bond (IUPAC Recommendations 2011)},
  author={Arunan, Elangannan and Desiraju, Gautam R and Klein, Roger A and Sadlej, Joanna and Scheiner, Steve and Alkorta, Ibon and Clary, David C and Crabtree, Robert H and Dannenberg, Joseph J and Hobza, Pavel and others},
  journal={Pure and applied chemistry},
  volume={83},
  number={8},
  pages={1637--1641},
  year={2011},
  publisher={De Gruyter}
}


@article{bailey1967crystal,
  title={The crystal structure of terephthalic acid},
  author={Bailey, M and Brown, CJ},
  journal={Acta Crystallographica},
  volume={22},
  number={3},
  pages={387--391},
  year={1967},
  publisher={International Union of Crystallography}
}


@article{fischer1986structure,
  title={Structure and dynamics of terephthalic acid from 2 to 300 K: I. High-resolution neutron diffraction evidence for a temperature-dependent order-disorder transition: A comparison of reactor and pulsed neutron source powder techniques},
  author={Fischer, P and Zolliker, P and Meier, BH and Ernst, RR and Hewat, AW and Jorgensen, JD and Rotella, FJ},
  journal={Journal of Solid State Chemistry},
  volume={61},
  number={1},
  pages={109--125},
  year={1986},
  publisher={Elsevier}
}

@article{meier1982structure,
  title={Structure and dynamics of intramolecular hydrogen bonds in carboxylic acid dimers: A solid state NMR study},
  author={Meier, BH and Graf, F and Ernst, RR},
  journal={The Journal of Chemical Physics},
  volume={76},
  number={2},
  pages={767--774},
  year={1982},
  publisher={American Institute of Physics}
}



@article{meier1986structure,
  title={Structure and dynamics of terephthalic acid from 2 to 300 K: II. The temperature dependence of the disorder: A solid-state NMR study},
  author={Meier, BH and Ernst, RR},
  journal={Journal of Solid State Chemistry},
  volume={61},
  number={1},
  pages={126--129},
  year={1986},
  publisher={Elsevier}
}

@article{meier1983neutron,
  title={Neutron scattering study of dynamically disordered hydrogen bonds: Terephthalic acid},
  author={Meier, BH and Meyer, R and Ernst, RR and Zolliker, P and Furrer, A and H{\"a}lg, W},
  journal={Chemical physics letters},
  volume={103},
  number={3},
  pages={169--174},
  year={1983},
  publisher={Elsevier}
}

@article{fjaer1986order,
  title={Order-disorder in the linear chain structure of terephthalic acid, studied by Raman scattering},
  author={Fjaer, H and Samuelsen, Emil J},
  journal={Journal of Physics C: Solid State Physics},
  volume={19},
  number={30},
  pages={5945},
  year={1986},
  publisher={IOP Publishing}
}



@article{sledz2001new,
  title={New crystalline modification of terephthalic acid},
  author={{\'S}led{\'z}, M and Janczak, J and Kubiak, R},
  journal={Journal of Molecular Structure},
  volume={595},
  number={1-3},
  pages={77--82},
  year={2001},
  publisher={Elsevier}
}

@article{fang2016inverse,
  title={Inverse temperature dependence of nuclear quantum effects in dna base pairs},
  author={Fang, Wei and Chen, Ji and Rossi, Mariana and Feng, Yexin and Li, Xin-Zheng and Michaelides, Angelos},
  journal={The journal of physical chemistry letters},
  volume={7},
  number={11},
  pages={2125--2131},
  year={2016},
  publisher={ACS Publications}
}

@article{davey1994morphology,
  title={Morphology and polymorphism in molecular crystals: terephthalic acid},
  author={Davey, Roger J and Maginn, Steven J and Andrews, Steven J and Black, Simon N and Buckley, Anne M and Cottier, Denis and Dempsey, Phillip and Plowman, Rodney and Rout, Joanne E and Stanley, David R and others},
  journal={Journal of the Chemical Society, Faraday Transactions},
  volume={90},
  number={7},
  pages={1003--1009},
  year={1994},
  publisher={The Royal Society of Chemistry}
}



@article{guo2016nuclear,
  title={Nuclear quantum effects of hydrogen bonds probed by tip-enhanced inelastic electron tunneling},
  author={Guo, Jing and L{\"u}, Jing-Tao and Feng, Yexin and Chen, Ji and Peng, Jinbo and Lin, Zeren and Meng, Xiangzhi and Wang, Zhichang and Li, Xin-Zheng and Wang, En-Ge and others},
  journal={Science},
  volume={352},
  number={6283},
  pages={321--325},
  year={2016},
  publisher={American Association for the Advancement of Science}
}



@article{ceriotti_hbond_fluc,
author = {Michele Ceriotti  and Jérôme Cuny  and Michele Parrinello  and David E. Manolopoulos },
title = {Nuclear quantum effects and hydrogen bond fluctuations in water},
journal = {Proceedings of the National Academy of Sciences},
volume = {110},
number = {39},
pages = {15591-15596},
year = {2013},
doi = {10.1073/pnas.1308560110},
URL = {https://www.pnas.org/doi/abs/10.1073/pnas.1308560110},
eprint = {https://www.pnas.org/doi/pdf/10.1073/pnas.1308560110},
}

@Article{hypervalent,
author ="Crabtree, Robert H.",
title  ="Hypervalency{,} secondary bonding and hydrogen bonding: siblings under the skin",
journal  ="Chem. Soc. Rev.",
year  ="2017",
volume  ="46",
issue  ="6",
pages  ="1720-1729",
publisher  ="The Royal Society of Chemistry",
doi  ="10.1039/C6CS00688D",
url  ="http://dx.doi.org/10.1039/C6CS00688D",
abstract  ="In hypervalent bonding (HVB){,} secondary bonding (SB) and hydrogen bonding (HB) a nucleophilic and an electrophilic partner form a new bond that is based on a similar bonding pattern across the whole series of interactions. The electrostatic contribution is reflected in the ‘σ hole’ model in which a positive patch on E attracts the nucleophilic component. The nucleophile{,} Y{,} possesses a corresponding negative patch{,} resulting in a linear structure Y⋯E–X having one strong E–X bond and one weaker{,} longer Y⋯E interaction; this is considered as a SB interaction between Y and E. The covalent component{,} more important in the stronger interactions{,} HVB and strong HB{,} involves charge transfer between the lone pair (n) of Y{,} and the σ* orbital of E–X as emphasized in the ‘n→σ*’ bonding model. For example{,} charge transfer from I− to I2 gives rise to the linear{,} symmetrical [I–I–I]− anion. We now have two short (2.95 Å) bonds of equal strength corresponding to true HVB. In HB the central element{,} E{,} is H{,} and we can have strong or weak hydrogen bonding. On the HVB/HB analogy{,} a strong symmetrical HB{,} as in [F–H–F]−{,} can be considered as containing hypervalent hydrogen. In the weak HB case{,} we have a lesser degree of interaction{,} leading to normal hydrogen bonds of type Y⋯H–X analogous to secondary bonding. Within both the HB and HVB series{,} strong and weak types form a smooth continuum with no sharp break in properties. HVB was once considered to involve the expansion of the octet to 10{,} 12 or even higher valence electron counts. Whether the σ hole or n→σ* model applies{,} any octet expansion is now seen as largely formal{,} however{,} because the central element essentially retains its eight valence electrons. Thus a range of interactions can be placed in one big tent{,} related by a combination of σ hole and n→σ* bonding contributions with retention of the octet by the central element{,} E."}



@article{miura1998ab,
  title={An ab initio path integral molecular dynamics study of double proton transfer in the formic acid dimer},
  author={Miura, Shinichi and Tuckerman, Mark E and Klein, Michael L},
  journal={The Journal of chemical physics},
  volume={109},
  number={13},
  pages={5290--5299},
  year={1998},
  publisher={American Institute of Physics}
}

@article{ubbelohde1955acid,
  title={Acid-base effects in hydrogen bonds in crystals},
  author={Ubbelohde, AR and Gallagher, KJ},
  journal={Acta Crystallographica},
  volume={8},
  number={2},
  pages={71--83},
  year={1955},
  publisher={International Union of Crystallography}
}

@article{zhu2016tautomerization,
  title={Tautomerization-dependent recognition and excision of oxidation damage in base-excision DNA repair},
  author={Zhu, Chenxu and Lu, Lining and Zhang, Jun and Yue, Zongwei and Song, Jinghui and Zong, Shuai and Liu, Menghao and Stovicek, Olivia and Gao, Yi Qin and Yi, Chengqi},
  journal={Proceedings of the National Academy of Sciences},
  volume={113},
  number={28},
  pages={7792--7797},
  year={2016},
  publisher={National Acad Sciences}
}

@article{wojnarowska2016tautomerism,
  title={Tautomerism in drug delivery},
  author={Wojnarowska, Zaneta and Paluch, Marian},
  journal={Disordered Pharmaceutical Materials},
  pages={183--200},
  year={2016},
  publisher={Wiley-VCH Verlag GmbH \& Co. KGaA Weinheim, Germany}
}

@book{fletcher2013practical,
  title={Practical methods of optimization},
  author={Fletcher, Roger},
  year={2013},
  publisher={John Wiley \& Sons}
}

@article{vandevondele2005quickstep,
  title={Quickstep: Fast and accurate density functional calculations using a mixed Gaussian and plane waves approach},
  author={VandeVondele, Joost and Krack, Matthias and Mohamed, Fawzi and Parrinello, Michele and Chassaing, Thomas and Hutter, J{\"u}rg},
  journal={Computer Physics Communications},
  volume={167},
  number={2},
  pages={103--128},
  year={2005},
  publisher={Elsevier}
}

@article{hutter2014cp2k,
  title={cp2k: atomistic simulations of condensed matter systems},
  author={Hutter, J{\"u}rg and Iannuzzi, Marcella and Schiffmann, Florian and VandeVondele, Joost},
  journal={Wiley Interdisciplinary Reviews: Computational Molecular Science},
  volume={4},
  number={1},
  pages={15--25},
  year={2014},
  publisher={Wiley Online Library}
}





@article{grimme2010consistent,
  title={A consistent and accurate ab initio parametrization of density functional dispersion correction (DFT-D) for the 94 elements H-Pu},
  author={Grimme, Stefan and Antony, Jens and Ehrlich, Stephan and Krieg, Helge},
  journal={The Journal of chemical physics},
  volume={132},
  number={15},
  pages={154104},
  year={2010},
  publisher={American Institute of Physics}
}

@article{goedecker1996separable,
  title={Separable dual-space Gaussian pseudopotentials},
  author={Goedecker, Stefan and Teter, Michael and Hutter, J{\"u}rg},
  journal={Physical Review B},
  volume={54},
  number={3},
  pages={1703},
  year={1996},
  publisher={APS}
}




@article{kapil2019pi,
  title={i-PI 2.0: A universal force engine for advanced molecular simulations},
  author={Kapil, Venkat and Rossi, Mariana and Marsalek, Ondrej and Petraglia, Riccardo and Litman, Yair and Spura, Thomas and Cheng, Bingqing and Cuzzocrea, Alice and Mei{\ss}ner, Robert H and Wilkins, David M and others},
  journal={Computer Physics Communications},
  volume={236},
  pages={214--223},
  year={2019},
  publisher={Elsevier}
}



@article{rossi2018fine,
  title={Fine tuning classical and quantum molecular dynamics using a generalized Langevin equation},
  author={Rossi, Mariana and Kapil, Venkat and Ceriotti, Michele},
  journal={The Journal of chemical physics},
  volume={148},
  number={10},
  pages={102301},
  year={2018},
  publisher={AIP Publishing LLC}
}

@article{endres2003new,
  title={A new metric for probability distributions},
  author={Endres, Dominik Maria and Schindelin, Johannes E},
  journal={IEEE Transactions on Information theory},
  volume={49},
  number={7},
  pages={1858--1860},
  year={2003},
  publisher={IEEE}
}

@article{marsalek2017quantum,
  title={Quantum dynamics and spectroscopy of ab initio liquid water: The interplay of nuclear and electronic quantum effects},
  author={Marsalek, Ondrej and Markland, Thomas E},
  journal={The journal of physical chemistry letters},
  volume={8},
  number={7},
  pages={1545--1551},
  year={2017},
  publisher={ACS Publications}
}

@article{tripathi1979solid,
  title={Solid-state vibrational spectra and structures of terephthalic acid and the terephthalate ion},
  author={Tripathi, GNR and Sheng, SJ},
  journal={Journal of Molecular Structure},
  volume={57},
  pages={21--34},
  year={1979},
  publisher={Elsevier}
}

@article{ceriotti2011accelerating,
  title={Accelerating the convergence of path integral dynamics with a generalized Langevin equation},
  author={Ceriotti, Michele and Manolopoulos, David E and Parrinello, Michele},
  journal={The Journal of chemical physics},
  volume={134},
  number={8},
  pages={084104},
  year={2011},
  publisher={American Institute of Physics}
}


@article{decker2020mof,
  title={MOF-mimetic molecules: carboxylate-based supramolecular complexes as molecular metal--organic framework analogues},
  author={Decker, Gerald E and Lorzing, Gregory R and Deegan, Meaghan M and Bloch, Eric D},
  journal={Journal of Materials Chemistry A},
  volume={8},
  number={8},
  pages={4217--4229},
  year={2020},
  publisher={Royal Society of Chemistry}
}

@misc{zhou2012introduction,
  title={Introduction to metal--organic frameworks},
  author={Zhou, Hong-Cai and Long, Jeffrey R and Yaghi, Omar M},
  journal={Chemical reviews},
  volume={112},
  number={2},
  pages={673--674},
  year={2012},
  publisher={ACS Publications}
}

@article{mateo2019long,
  title={Long-Term Photostability in Terephthalate Metal--Organic Frameworks},
  author={Mateo, Diego and Santiago-Portillo, Andrea and Albero, Josep and Naval{\'o}n, Sergio and Alvaro, Mercedes and Garc{\'\i}a, Hermenegildo},
  journal={Angewandte Chemie},
  volume={131},
  number={49},
  pages={18007--18012},
  year={2019},
  publisher={Wiley Online Library}
}


@article{meyer1987hydrogen,
  title={Hydrogen transfer in double minimum potential: Kinetic properties derived from quantum dynamics},
  author={Meyer, R and Ernst, RR},
  journal={The Journal of chemical physics},
  volume={86},
  number={2},
  pages={784--801},
  year={1987},
  publisher={American Institute of Physics}
}

@article{semmingsen1974structural,
  title={A structural phase transition in squaric acid},
  author={Semmingsen, Dag and Feder, Jens},
  journal={Solid State Communications},
  volume={15},
  number={8},
  pages={1369--1372},
  year={1974},
  publisher={Elsevier}
}









@article{marx1999nature,
  title={The nature of the hydrated excess proton in water},
  author={Marx, Dominik and Tuckerman, Mark E and Hutter, J{\"u}rg and Parrinello, Michele},
  journal={Nature},
  volume={397},
  number={6720},
  pages={601--604},
  year={1999},
  publisher={Nature Publishing Group}
}



@article{hassanali2013proton,
  title={Proton transfer through the water gossamer},
  author={Hassanali, Ali and Giberti, Federico and Cuny, J{\'e}r{\^o}me and K{\"u}hne, Thomas D and Parrinello, Michele},
  journal={Proceedings of the National Academy of Sciences},
  volume={110},
  number={34},
  pages={13723--13728},
  year={2013},
  publisher={National Acad Sciences}
}



@article{zhou2020symmetry,
  title={Symmetry and 1 H NMR chemical shifts of short hydrogen bonds: impact of electronic and nuclear quantum effects},
  author={Zhou, Shengmin and Wang, Lu},
  journal={Physical Chemistry Chemical Physics},
  volume={22},
  number={9},
  pages={4884--4895},
  year={2020},
  publisher={Royal Society of Chemistry}
}

@article{benoit2005shapes,
  title={The shapes of protons in hydrogen bonds depend on the bond length},
  author={Benoit, Magali and Marx, Dominik},
  journal={ChemPhysChem},
  volume={6},
  number={9},
  pages={1738--1741},
  year={2005},
  publisher={Wiley Online Library}
}












@article{pritchina2018raman,
  title={Raman spectra of terephthalic acid crystals in the temperature range 5 K--300 K},
  author={Pritchina, EA and Kolesov, BA},
  journal={Spectrochimica Acta Part A: Molecular and Biomolecular Spectroscopy},
  volume={202},
  pages={319--323},
  year={2018},
  publisher={Elsevier}
}


@article{mckinnon2007comparison,
  title={Comparison of polymorphic molecular crystal structures through Hirshfeld surface analysis},
  author={McKinnon, Joshua J and Fabbiani, Francesca PA and Spackman, Mark A},
  journal={Crystal growth \& design},
  volume={7},
  number={4},
  pages={755--769},
  year={2007},
  publisher={ACS Publications}
}

@article{santiso2011general,
  title={A general set of order parameters for molecular crystals},
  author={Santiso, Erik E and Trout, Bernhardt L},
  journal={The Journal of chemical physics},
  volume={134},
  number={6},
  pages={064109},
  year={2011},
  publisher={American Institute of Physics}
}

@article{beckham2007surface,
  title={Surface-mediated nucleation in the solid-state polymorph transformation of terephthalic acid},
  author={Beckham, Gregg T and Peters, Baron and Starbuck, Cindy and Variankaval, Narayan and Trout, Bernhardt L},
  journal={Journal of the American Chemical Society},
  volume={129},
  number={15},
  pages={4714--4723},
  year={2007},
  publisher={ACS Publications}
}

@article{middlemiss2007small,
  title={Small energy differences in molecular crystals: A first principles study of tautomerism and dynamics in benzoic acid derivatives},
  author={Middlemiss, Derek S and Facchini, Mark and Morrison, Carole A and Wilson, Chick C},
  journal={CrystEngComm},
  volume={9},
  number={9},
  pages={777--785},
  year={2007},
  publisher={Royal Society of Chemistry}
}

@article{wierzbicka2014investigation,
  title={Investigation of hydrogen bonds properties in the terephthalic acid crystal, using molecular dynamics method},
  author={Wierzbicka, Ewa and Boczar, Marek and W{\'o}jcik, Marek J},
  journal={Spectrochimica Acta Part A: Molecular and Biomolecular Spectroscopy},
  volume={130},
  pages={488--493},
  year={2014},
  publisher={Elsevier}
}

@article{flakus2017long,
  title={“Long-distance” H/D isotopic self-organization phenomena in scope of the infrared spectra of hydrogen-bonded terephthalic and phthalic acid crystals},
  author={Flakus, Henryk T and Hachu{\l}a, Barbara and Ho{\l}aj-Krzak, Jakub T and Al-Agel, Faisal A and Rekik, Najeh},
  journal={Spectrochimica Acta Part A: Molecular and Biomolecular Spectroscopy},
  volume={173},
  pages={65--74},
  year={2017},
  publisher={Elsevier}
}





@article{karthikeyan2015electronic,
  title={Electronic [UV--Visible] and vibrational [FT-IR, FT-Raman] investigation and NMR--mass spectroscopic analysis of terephthalic acid using quantum Gaussian calculations},
  author={Karthikeyan, N and Prince, J Joseph and Ramalingam, S and Periandy, S},
  journal={Spectrochimica Acta Part A: Molecular and Biomolecular Spectroscopy},
  volume={139},
  pages={229--242},
  year={2015},
  publisher={Elsevier}
}


@article{chen2021looking,
  title={Looking into the dynamics of molecular crystals of ibuprofen and terephthalic acid using 17O and 2H NMR analyses},
  author={Chen, Chia-hsin and Goldberga, Ieva and Gaveau, Philippe and Mittelette, S{\'e}bastien and {\v{S}}pa{\v{c}}kov{\'a}, Jessica and Mullen, Chuck and Petit, Ivan and M{\'e}tro, Thomas-Xavier and Alonso, Bruno and Gervais, Christel and others},
  journal={Magnetic Resonance in Chemistry},
  publisher={Wiley Online Library}
}

@article{ehrhardt1984one,
  title={One-dimensional molecular correlations in squaric acid as observed by neutron scattering},
  author={Ehrhardt, K-D and Buchenau, U and Samuelsen, EJ and Maier, HD},
  journal={Physical Review B},
  volume={29},
  number={2},
  pages={996},
  year={1984},
  publisher={APS}
}

@article{horiuchi2010above,
  title={Above-room-temperature ferroelectricity in a single-component molecular crystal},
  author={Horiuchi, Sachio and Tokunaga, Yusuke and Giovannetti, Gianluca and Picozzi, Silvia and Itoh, Hirotake and Shimano, Ryo and Kumai, Reiji and Tokura, Yoshinori},
  journal={Nature},
  volume={463},
  number={7282},
  pages={789--792},
  year={2010},
  publisher={Nature Publishing Group}
}

@article{reiter2002direct,
  title={Direct observation of tunneling in KDP using neutron compton scattering},
  author={Reiter, GF and Mayers, J and Platzman, P},
  journal={Physical review letters},
  volume={89},
  number={13},
  pages={135505},
  year={2002},
  publisher={APS}
}

@article{gorb2004double,
  title={Double-proton transfer in adenine- thymine and guanine- cytosine base pairs. A post-hartree- fock ab initio study},
  author={Gorb, Leonid and Podolyan, Yevgeniy and Dziekonski, Pawel and Sokalski, W Andrzej and Leszczynski, Jerzy},
  journal={Journal of the American Chemical Society},
  volume={126},
  number={32},
  pages={10119--10129},
  year={2004},
  publisher={ACS Publications}
}





@article{watson1953molecular,
  title={Molecular structure of nucleic acids: a structure for deoxyribose nucleic acid},
  author={Watson, James D and Crick, Francis HC},
  journal={Nature},
  volume={171},
  number={4356},
  pages={737--738},
  year={1953},
  publisher={Nature Publishing Group}
}





@article{ogawa2000phototautomerizable,
  title={A phototautomerizable model DNA base pair},
  author={Ogawa, Anthony K and Abou-Zied, Osama K and Tsui, Vickie and Jimenez, Ralph and Case, David A and Romesberg, Floyd E},
  journal={Journal of the American Chemical Society},
  volume={122},
  number={41},
  pages={9917--9920},
  year={2000},
  publisher={ACS Publications}
}

@article{tamm1990replication,
  title={Replication experiments with nucleotide base analogues},
  author={Tamm, Christoph and Strazewski, Peter},
  journal={Angewandte Chemie International Edition in English},
  volume={29},
  number={1},
  pages={36--57},
  year={1990},
  publisher={Wiley Online Library}
}

@article{singer1989effect,
  title={Effect of 3'flanking neighbors on kinetics of pairing of dCTP or dTTP opposite O6-methylguanine in a defined primed oligonucleotide when Escherichia coli DNA polymerase I is used.},
  author={Singer, B and Chavez, F and Goodman, MF and Essigmann, JM and Dosanjh, MK},
  journal={Proceedings of the National Academy of Sciences},
  volume={86},
  number={21},
  pages={8271--8274},
  year={1989},
  publisher={National Acad Sciences}
}

@article{perez2010enol,
  title={Enol tautomers of Watson- Crick base pair models are metastable because of nuclear quantum effects},
  author={P{\'e}rez, Alejandro and Tuckerman, Mark E and Hjalmarson, Harold P and Von Lilienfeld, O Anatole},
  journal={Journal of the American Chemical Society},
  volume={132},
  number={33},
  pages={11510--11515},
  year={2010},
  publisher={ACS Publications}
}
@article{brovarets2014can,
  title={Can tautomerization of the A{\textperiodcentered} T Watson--Crick base pair via double proton transfer provoke point mutations during DNA replication? A comprehensive QM and QTAIM analysis},
  author={Brovarets, Ol’ha O and Hovorun, Dmytro M},
  journal={Journal of Biomolecular Structure and Dynamics},
  volume={32},
  number={1},
  pages={127--154},
  year={2014},
  publisher={Taylor \& Francis}
}

@article{rossi2016nuclear,
  title={Nuclear quantum effects in h+ and oh--diffusion along confined water wires},
  author={Rossi, Mariana and Ceriotti, Michele and Manolopoulos, David E},
  journal={The journal of physical chemistry letters},
  volume={7},
  number={15},
  pages={3001--3007},
  year={2016},
  publisher={ACS Publications}
}

@article{hassanali2012fuzzy,
  title={The fuzzy quantum proton in the hydrogen chloride hydrates},
  author={Hassanali, Ali A and Cuny, Jerome and Ceriotti, Michele and Pickard, Chris J and Parrinello, Michele},
  journal={Journal of the American Chemical Society},
  volume={134},
  number={20},
  pages={8557--8569},
  year={2012},
  publisher={ACS Publications}
}

@article{buch2007elusive,
  title={Elusive structure of HCl monohydrate},
  author={Buch, V and Mohamed, F and Parrinello, Michele and Devlin, JP},
  journal={The Journal of chemical physics},
  volume={126},
  number={7},
  pages={074503},
  year={2007},
  publisher={American Institute of Physics}
}

@article{buch2008hcl,
  title={HCl hydrates as model systems for protonated water},
  author={Buch, V and Dubrovskiy, A and Mohamed, F and Parrinello, Michele and Sadlej, J and Hammerich, AD and Devlin, JP},
  journal={The Journal of Physical Chemistry A},
  volume={112},
  number={11},
  pages={2144--2161},
  year={2008},
  publisher={ACS Publications}
}

@article{gu1999fundamental,
  title={Fundamental properties of the CH--O interaction: is it a true hydrogen bond?},
  author={Gu, Yanliang and Kar, Tapas and Scheiner, Steve},
  journal={Journal of the American Chemical Society},
  volume={121},
  number={40},
  pages={9411--9422},
  year={1999},
  publisher={ACS Publications}
}

@article{marzari2012maximally,
  title={Maximally localized Wannier functions: Theory and applications},
  author={Marzari, Nicola and Mostofi, Arash A and Yates, Jonathan R and Souza, Ivo and Vanderbilt, David},
  journal={Reviews of Modern Physics},
  volume={84},
  number={4},
  pages={1419},
  year={2012},
  publisher={APS}
}

@article{marzari1997maximally,
  title={Maximally localized generalized Wannier functions for composite energy bands},
  author={Marzari, Nicola and Vanderbilt, David},
  journal={Physical review B},
  volume={56},
  number={20},
  pages={12847},
  year={1997},
  publisher={APS}
}

@article{wang2014quantum,
  title={Quantum delocalization of protons in the hydrogen-bond network of an enzyme active site},
  author={Wang, Lu and Fried, Stephen D and Boxer, Steven G and Markland, Thomas E},
  journal={Proceedings of the National Academy of Sciences},
  volume={111},
  number={52},
  pages={18454--18459},
  year={2014},
  publisher={National Acad Sciences}
}



@article{litman2019elucidating,
  title={Elucidating the nuclear quantum dynamics of intramolecular double hydrogen transfer in porphycene},
  author={Litman, Yair and Richardson, Jeremy O and Kumagai, Takashi and Rossi, Mariana},
  journal={Journal of the American Chemical Society},
  volume={141},
  number={6},
  pages={2526--2534},
  year={2019},
  publisher={ACS Publications}
}

@article{sappati2016nuclear,
  title={Nuclear quantum effects in a HIV/cancer inhibitor: The case of ellipticine},
  author={Sappati, Subrahmanyam and Hassanali, Ali and Gebauer, Ralph and Ghosh, Prasenjit},
  journal={The Journal of Chemical Physics},
  volume={145},
  number={20},
  pages={205102},
  year={2016},
  publisher={AIP Publishing LLC}
}


@article{li2011quantum,
  title={Quantum nature of the hydrogen bond},
  author={Li, Xin-Zheng and Walker, Brent and Michaelides, Angelos},
  journal={Proceedings of the National Academy of Sciences},
  volume={108},
  number={16},
  pages={6369--6373},
  year={2011},
  publisher={National Acad Sciences}
}


@article{law2015role,
  title={Role of quantum vibrations on the structural, electronic, and optical properties of 9-methylguanine},
  author={Law, Yu Kay and Hassanali, Ali A},
  journal={The Journal of Physical Chemistry A},
  volume={119},
  number={44},
  pages={10816--10827},
  year={2015},
  publisher={ACS Publications}
}

@article{pinotsi2016proton,
  title={Proton transfer and structure-specific fluorescence in hydrogen bond-rich protein structures},
  author={Pinotsi, Dorothea and Grisanti, Luca and Mahou, Pierre and Gebauer, Ralph and Kaminski, Clemens F and Hassanali, Ali and Kaminski Schierle, Gabriele S},
  journal={Journal of the American Chemical Society},
  volume={138},
  number={9},
  pages={3046--3057},
  year={2016},
  publisher={ACS Publications}
}

@article{tuckerman1997quantum,
  title={On the quantum nature of the shared proton in hydrogen bonds},
  author={Tuckerman, Mark E and Marx, Dominik and Klein, Michael L and Parrinello, Michele},
  journal={Science},
  volume={275},
  number={5301},
  pages={817--820},
  year={1997},
  publisher={American Association for the Advancement of Science}
}


%Chapter3

@article{qing2020recent,
  title={Recent advances and challenges of electrocatalytic N2 reduction to ammonia},
  author={Qing, Geletu and Ghazfar, Reza and Jackowski, Shane T and Habibzadeh, Faezeh and Ashtiani, Mona Maleka and Chen, Chuan-Pin and Smith III, Milton R and Hamann, Thomas W},
  journal={Chemical reviews},
  volume={120},
  number={12},
  pages={5437--5516},
  year={2020},
  publisher={ACS Publications}
}

@article{lim2014review,
  title={A review on the electrochemical reduction of CO2 in fuel cells, metal electrodes and molecular catalysts},
  author={Lim, Rern Jern and Xie, Mingshi and Sk, Mahasin Alam and Lee, Jong-Min and Fisher, Adrian and Wang, Xin and Lim, Kok Hwa},
  journal={Catalysis Today},
  volume={233},
  pages={169--180},
  year={2014},
  publisher={Elsevier}
}

@article{jiang2018selective,
  title={Selective electrochemical H2O2 production through two-electron oxygen electrochemistry},
  author={Jiang, Yuanyuan and Ni, Pengjuan and Chen, Chuanxia and Lu, Yizhong and Yang, Ping and Kong, Biao and Fisher, Adrian and Wang, Xin},
  journal={Advanced Energy Materials},
  volume={8},
  number={31},
  pages={1801909},
  year={2018},
  publisher={Wiley Online Library}
}

@article{dubouis2019hydrogen,
  title={The hydrogen evolution reaction: from material to interfacial descriptors},
  author={Dubouis, Nicolas and Grimaud, Alexis},
  journal={Chemical Science},
  volume={10},
  number={40},
  pages={9165--9181},
  year={2019},
  publisher={Royal Society of Chemistry}
}

@article{zeng2015recent,
  title={Recent advances in heterogeneous electrocatalysts for the hydrogen evolution reaction},
  author={Zeng, Min and Li, Yanguang},
  journal={Journal of Materials Chemistry A},
  volume={3},
  number={29},
  pages={14942--14962},
  year={2015},
  publisher={Royal Society of Chemistry}
}

@article{suen2017electrocatalysis,
  title={Electrocatalysis for the oxygen evolution reaction: recent development and future perspectives},
  author={Suen, Nian-Tzu and Hung, Sung-Fu and Quan, Quan and Zhang, Nan and Xu, Yi-Jun and Chen, Hao Ming},
  journal={Chemical Society Reviews},
  volume={46},
  number={2},
  pages={337--365},
  year={2017},
  publisher={Royal Society of Chemistry}
}

@article{stacy2017recent,
  title={The recent progress and future of oxygen reduction reaction catalysis: A review},
  author={Stacy, John and Regmi, Yagya N and Leonard, Brian and Fan, Maohong},
  journal={Renewable and Sustainable Energy Reviews},
  volume={69},
  pages={401--414},
  year={2017},
  publisher={Elsevier}
}

@article{grigoriev2020current,
  title={Current status, research trends, and challenges in water electrolysis science and technology},
  author={Grigoriev, SA and Fateev, VN and Bessarabov, DG and Millet, P},
  journal={International Journal of Hydrogen Energy},
  volume={45},
  number={49},
  pages={26036--26058},
  year={2020},
  publisher={Elsevier}
}

@article{gross2022ab,
  title={Ab Initio Simulations of Water/Metal Interfaces},
  author={Gro{\ss}, Axel and Sakong, Sung},
  journal={Chemical Reviews},
  year={2022},
  publisher={ACS Publications}
}

@article{conway2002interfacial,
  title={Interfacial processes involving electrocatalytic evolution and oxidation of H2, and the role of chemisorbed H},
  author={Conway, BE and Tilak, BV},
  journal={Electrochimica acta},
  volume={47},
  number={22-23},
  pages={3571--3594},
  year={2002},
  publisher={Elsevier}
}

@article{subbaraman2011enhancing,
  title={Enhancing hydrogen evolution activity in water splitting by tailoring Li+-Ni (OH) 2-Pt interfaces},
  author={Subbaraman, Ram and Tripkovic, Dusan and Strmcnik, Dusan and Chang, Kee-Chul and Uchimura, Masanobu and Paulikas, Arvydas P and Stamenkovic, Vojislav and Markovic, Nenad M},
  journal={Science},
  volume={334},
  number={6060},
  pages={1256--1260},
  year={2011},
  publisher={American Association for the Advancement of Science}
}

@article{le2009hydrogenases,
  title={From hydrogenases to noble metal--free catalytic nanomaterials for H2 production and uptake},
  author={Le Goff, Alan and Artero, Vincent and Jousselme, Bruno and Tran, Phong Dinh and Guillet, Nicolas and M{\'e}tay{\'e}, Romain and Fihri, Aziz and Palacin, Serge and Fontecave, Marc},
  journal={Science},
  volume={326},
  number={5958},
  pages={1384--1387},
  year={2009},
  publisher={American Association for the Advancement of Science}
}

@article{du2012catalysts,
  title={Catalysts made of earth-abundant elements (Co, Ni, Fe) for water splitting: recent progress and future challenges},
  author={Du, Pingwu and Eisenberg, Richard},
  journal={Energy \& Environmental Science},
  volume={5},
  number={3},
  pages={6012--6021},
  year={2012},
  publisher={Royal Society of Chemistry}
}

@article{jaramillo2007identification,
  title={Identification of active edge sites for electrochemical H2 evolution from MoS2 nanocatalysts},
  author={Jaramillo, Thomas F and J{\o}rgensen, Kristina P and Bonde, Jacob and Nielsen, Jane H and Horch, Sebastian and Chorkendorff, Ib},
  journal={science},
  volume={317},
  number={5834},
  pages={100--102},
  year={2007},
  publisher={American Association for the Advancement of Science}
}

@article{voiry2013enhanced,
  title={Enhanced catalytic activity in strained chemically exfoliated WS2 nanosheets for hydrogen evolution},
  author={Voiry, Damien and Yamaguchi, Hisato and Li, Junwen and Silva, Rafael and Alves, Diego CB and Fujita, Takeshi and Chen, Mingwei and Asefa, Tewodros and Shenoy, Vivek B and Eda, Goki and others},
  journal={Nature materials},
  volume={12},
  number={9},
  pages={850--855},
  year={2013},
  publisher={Nature Publishing Group}
}

@article{merki2011recent,
  title={Recent developments of molybdenum and tungsten sulfides as hydrogen evolution catalysts},
  author={Merki, Daniel and Hu, Xile},
  journal={Energy \& Environmental Science},
  volume={4},
  number={10},
  pages={3878--3888},
  year={2011},
  publisher={Royal Society of Chemistry}
}

@article{hardikar2019theoretical,
  title={Theoretical investigations of a platinum--water interface using quantum-mechanics-molecular-mechanics based molecular dynamics simulations},
  author={Hardikar, RP and Mondal, Unmesh and Thakkar, Foram M and Roy, Sudip and Ghosh, Prasenjit},
  journal={Physical Chemistry Chemical Physics},
  volume={21},
  number={44},
  pages={24345--24353},
  year={2019},
  publisher={Royal Society of Chemistry}
}


@article{habershon2009competing,
  title={Competing quantum effects in the dynamics of a flexible water model},
  author={Habershon, Scott and Markland, Thomas E and Manolopoulos, David E},
  journal={The journal of chemical physics},
  volume={131},
  number={2},
  pages={024501},
  year={2009},
  publisher={American Institute of Physics}
}



@article{mones2015adaptive,
  title={The adaptive buffered force QM/MM method in the CP2K and AMBER software packages},
  author={Mones, Letif and Jones, Andrew and G{\"o}tz, Andreas W and Laino, Teodoro and Walker, Ross C and Leimkuhler, Ben and Cs{\'a}nyi, G{\'a}bor and Bernstein, Noam},
  journal={Journal of computational chemistry},
  volume={36},
  number={9},
  pages={633--648},
  year={2015},
  publisher={Wiley Online Library}
}

@article{bernstein2012qm,
  title={QM/MM simulation of liquid water with an adaptive quantum region},
  author={Bernstein, Noam and V{\'a}rnai, Csilla and Solt, Ivan and Winfield, Steven A and Payne, Mike C and Simon, Istv{\'a}n and Fuxreiter, M{\'o}nika and Cs{\'a}nyi, G{\'a}bor},
  journal={Physical Chemistry Chemical Physics},
  volume={14},
  number={2},
  pages={646--656},
  year={2012},
  publisher={Royal Society of Chemistry}
}



@article{laino2006efficient,
  title={An efficient linear-scaling electrostatic coupling for treating periodic boundary conditions in QM/MM simulations},
  author={Laino, Teodoro and Mohamed, Fawzi and Laio, Alessandro and Parrinello, Michele},
  journal={Journal of chemical theory and computation},
  volume={2},
  number={5},
  pages={1370--1378},
  year={2006},
  publisher={ACS Publications}
}


@article{kuhne2020cp2k,
  title={CP2K: An electronic structure and molecular dynamics software package-Quickstep: Efficient and accurate electronic structure calculations},
  author={K{\"u}hne, Thomas D and Iannuzzi, Marcella and Del Ben, Mauro and Rybkin, Vladimir V and Seewald, Patrick and Stein, Frederick and Laino, Teodoro and Khaliullin, Rustam Z and Sch{\"u}tt, Ole and Schiffmann, Florian and others},
  journal={The Journal of Chemical Physics},
  volume={152},
  number={19},
  pages={194103},
  year={2020},
  publisher={AIP Publishing LLC}
}

@article{hassanali2011recombination,
  title={On the recombination of hydronium and hydroxide ions in water},
  author={Hassanali, Ali and Prakash, Meher K and Eshet, Hagai and Parrinello, Michele},
  journal={Proceedings of the National Academy of Sciences},
  volume={108},
  number={51},
  pages={20410--20415},
  year={2011},
  publisher={National Acad Sciences}
}

@book{sato1998electrochemistry,
  title={Electrochemistry at metal and semiconductor electrodes},
  author={Sato, Norio},
  year={1998},
  publisher={Elsevier}
}



@article{sakong2018electric,
  title={The electric double layer at metal-water interfaces revisited based on a charge polarization scheme},
  author={Sakong, Sung and Gro{\ss}, Axel},
  journal={The Journal of chemical physics},
  volume={149},
  number={8},
  pages={084705},
  year={2018},
  publisher={AIP Publishing LLC}
}

@article{sakong2020water,
  title={Water structures on a Pt (111) electrode from ab initio molecular dynamic simulations for a variety of electrochemical conditions},
  author={Sakong, Sung and Gro{\ss}, Axel},
  journal={Physical Chemistry Chemical Physics},
  volume={22},
  number={19},
  pages={10431--10437},
  year={2020},
  publisher={Royal Society of Chemistry}
}


@article{trasatti1983structuring,
  title={Structuring of the solvent at metal/solution interfaces and components of the electrode potential},
  author={Trasatti, Sergio},
  journal={Journal of Electroanalytical Chemistry and Interfacial Electrochemistry},
  volume={150},
  number={1-2},
  pages={1--15},
  year={1983},
  publisher={Elsevier}
}

@article{trasatti1991structure,
  title={Structure of the metal/electrolyte solution interface: new data for theory},
  author={Trasatti, S},
  journal={Electrochimica acta},
  volume={36},
  number={11-12},
  pages={1659--1667},
  year={1991},
  publisher={Elsevier}
}

@article{li2021establishment,
  title={Establishment of the potential of zero charge of metals in aqueous solutions: Different faces of water revealed by ab initio molecular dynamics simulations},
  author={Li, Peng and Huang, Jun and Hu, Youcheng and Chen, Shengli},
  journal={The Journal of Physical Chemistry C},
  volume={125},
  number={7},
  pages={3972--3979},
  year={2021},
  publisher={ACS Publications}
}

@article{kristoffersen2018oh,
  title={OH formation and H 2 adsorption at the liquid water--Pt (111) interface},
  author={Kristoffersen, Henrik H and Vegge, Tejs and Hansen, Heine Anton},
  journal={Chemical science},
  volume={9},
  number={34},
  pages={6912--6921},
  year={2018},
  publisher={Royal Society of Chemistry}
}

@article{kronberg2020coupling,
  title={Coupling surface coverage and electrostatic effects on the interfacial adlayer--water structure of hydrogenated single-crystal platinum electrodes},
  author={Kronberg, Rasmus and Laasonen, Kari},
  journal={The Journal of Physical Chemistry C},
  volume={124},
  number={25},
  pages={13706--13714},
  year={2020},
  publisher={ACS Publications}
}



@article{litman2018decisive,
  title={Decisive role of nuclear quantum effects on surface mediated water dissociation at finite temperature},
  author={Litman, Yair and Donadio, Davide and Ceriotti, Michele and Rossi, Mariana},
  journal={The Journal of chemical physics},
  volume={148},
  number={10},
  pages={102320},
  year={2018},
  publisher={AIP Publishing LLC}
}




@article{perlt2017predicting,
  title={Predicting the ionic product of water},
  author={Perlt, Eva and von Domaros, Michael and Kirchner, Barbara and Ludwig, Ralf and Weinhold, Frank},
  journal={Scientific reports},
  volume={7},
  number={1},
  pages={1--10},
  year={2017},
  publisher={Nature Publishing Group}
}



@article{le2018structure,
  title={The structure of metal-water interface at the potential of zero charge from density functional theory-based molecular dynamics},
  author={Le, Jiabo and Cuesta, Angel and Cheng, Jun},
  journal={Journal of Electroanalytical Chemistry},
  volume={819},
  pages={87--94},
  year={2018},
  publisher={Elsevier}
}

@article{feibelman2002partial,
  title={Partial dissociation of water on Ru (0001)},
  author={Feibelman, Peter J},
  journal={Science},
  volume={295},
  number={5552},
  pages={99--102},
  year={2002},
  publisher={American Association for the Advancement of Science}
}

@article{maier2014unveiling,
  title={Unveiling the mechanism of water partial dissociation on Ru (0001)},
  author={Maier, Sabine and Stass, Ingeborg and Cerd{\'a}, Jorge I and Salmeron, Miquel},
  journal={Physical Review Letters},
  volume={112},
  number={12},
  pages={126101},
  year={2014},
  publisher={APS}
}



@article{yan2018hydrogen,
  title={Hydrogen adsorption on Pt (111) revisited from random phase approximation},
  author={Yan, Lei and Sun, Yang and Yamamoto, Yoshiyuki and Kasamatsu, Shusuke and Hamada, Ikutaro and Sugino, Osamu},
  journal={The Journal of chemical physics},
  volume={149},
  number={16},
  pages={164702},
  year={2018},
  publisher={AIP Publishing LLC}
}


@article{chen2022modeling,
  title={Modeling stepped Pt/water interfaces at potential of zero charge with ab initio molecular dynamics},
  author={Chen, Ao and Le, Jia-Bo and Kuang, Yongbo and Cheng, Jun},
  journal={The Journal of chemical physics},
  volume={157},
  number={9},
  pages={094702},
  year={2022},
  publisher={AIP Publishing LLC}
}

@article{le2017determining,
  title={Determining potentials of zero charge of metal electrodes versus the standard hydrogen electrode from density-functional-theory-based molecular dynamics},
  author={Le, Jiabo and Iannuzzi, Marcella and Cuesta, Angel and Cheng, Jun},
  journal={Physical review letters},
  volume={119},
  number={1},
  pages={016801},
  year={2017},
  publisher={APS}
}


@article{le2021modeling,
  title={Modeling electrified Pt (111)-Had/water interfaces from ab Initio molecular dynamics},
  author={Le, Jia-Bo and Chen, Ao and Li, Lang and Xiong, Jing-Fang and Lan, Jinggang and Liu, Yun-Pei and Iannuzzi, Marcella and Cheng, Jun},
  journal={JACS Au},
  volume={1},
  number={5},
  pages={569--577},
  year={2021},
  publisher={ACS Publications}
}

@article{cong2018hydrogen,
  title={Hydrogen oxidation reaction in alkaline media: From mechanism to recent electrocatalysts},
  author={Cong, Yuanyuan and Yi, Baolian and Song, Yujiang},
  journal={Nano Energy},
  volume={44},
  pages={288--303},
  year={2018},
  publisher={Elsevier}
}

@article{strmcnik2013improving,
  title={Improving the hydrogen oxidation reaction rate by promotion of hydroxyl adsorption},
  author={Strmcnik, Dusan and Uchimura, Masanobu and Wang, Chao and Subbaraman, Ram and Danilovic, Nemanja and Van Der Vliet, Dennis and Paulikas, Arvydas P and Stamenkovic, Vojislav R and Markovic, Nenad M},
  journal={Nature chemistry},
  volume={5},
  number={4},
  pages={300--306},
  year={2013},
  publisher={Nature Publishing Group}
}

@article{felseghi2019hydrogen,
  title={Hydrogen fuel cell technology for the sustainable future of stationary applications},
  author={Felseghi, Raluca-Andreea and Carcadea, Elena and Raboaca, Maria Simona and Trufin, C{\u{a}}t{\u{a}}lin Nicolae and Filote, Constantin},
  journal={Energies},
  volume={12},
  number={23},
  pages={4593},
  year={2019},
  publisher={MDPI}
}

@article{etacheri2011challenges,
  title={Challenges in the development of advanced Li-ion batteries: a review},
  author={Etacheri, Vinodkumar and Marom, Rotem and Elazari, Ran and Salitra, Gregory and Aurbach, Doron},
  journal={Energy \& Environmental Science},
  volume={4},
  number={9},
  pages={3243--3262},
  year={2011},
  publisher={Royal Society of Chemistry}
}

@article{sui2017comprehensive,
  title={A comprehensive review of Pt electrocatalysts for the oxygen reduction reaction: Nanostructure, activity, mechanism and carbon support in PEM fuel cells},
  author={Sui, Sheng and Wang, Xiaoying and Zhou, Xintong and Su, Yuehong and Riffat, Saffa and Liu, Chang-jun},
  journal={Journal of Materials Chemistry A},
  volume={5},
  number={5},
  pages={1808--1825},
  year={2017},
  publisher={Royal Society of Chemistry}
}

@article{eftekhari2017electrocatalysts,
  title={Electrocatalysts for hydrogen evolution reaction},
  author={Eftekhari, Ali},
  journal={International Journal of Hydrogen Energy},
  volume={42},
  number={16},
  pages={11053--11077},
  year={2017},
  publisher={Elsevier}
}



@article{karlberg2007cyclic,
  title={Cyclic voltammograms for H on Pt (111) and Pt (100) from first principles},
  author={Karlberg, GS and Jaramillo, TF and Skulason, Egill and Rossmeisl, Jan and Bligaard, Thomas and N{\o}rskov, Jens Kehlet},
  journal={Physical review letters},
  volume={99},
  number={12},
  pages={126101},
  year={2007},
  publisher={APS}
}

@article{skulason2007density,
  title={Density functional theory calculations for the hydrogen evolution reaction in an electrochemical double layer on the Pt (111) electrode},
  author={Sk{\'u}lason, Egill and Karlberg, Gustav S and Rossmeisl, Jan and Bligaard, Thomas and Greeley, Jeff and J{\'o}nsson, Hannes and N{\o}rskov, Jens K},
  journal={Physical Chemistry Chemical Physics},
  volume={9},
  number={25},
  pages={3241--3250},
  year={2007},
  publisher={Royal Society of Chemistry}
}

@article{hammer1999improved,
  title={Improved adsorption energetics within density-functional theory using revised Perdew-Burke-Ernzerhof functionals},
  author={Hammer, BHLB and Hansen, Lars Bruno and N{\o}rskov, Jens Kehlet},
  journal={Physical review B},
  volume={59},
  number={11},
  pages={7413},
  year={1999},
  publisher={APS}
}




@article{ford2005atomic,
  title={Atomic and molecular adsorption on Pt (1 1 1)},
  author={Ford, Denise C and Xu, Ye and Mavrikakis, Manos},
  journal={Surface Science},
  volume={587},
  number={3},
  pages={159--174},
  year={2005},
  publisher={Elsevier}
}

@article{fang2017simultaneous,
  title={Simultaneous deep tunneling and classical hopping for hydrogen diffusion on metals},
  author={Fang, Wei and Richardson, Jeremy O and Chen, Ji and Li, Xin-Zheng and Michaelides, Angelos},
  journal={Physical Review Letters},
  volume={119},
  number={12},
  pages={126001},
  year={2017},
  publisher={APS}
}



@article{rizo2015towards,
  title={Towards the understanding of the interfacial pH scale at Pt (1 1 1) electrodes},
  author={Rizo, Rub{\'e}n and Sitta, Elton and Herrero, Enrique and Climent, V{\'\i}ctor and Feliu, Juan M},
  journal={Electrochimica Acta},
  volume={162},
  pages={138--145},
  year={2015},
  publisher={Elsevier}
}

@article{martinez2015exploring,
  title={Exploring the interfacial neutral pH region of Pt (111) electrodes},
  author={Mart{\'\i}nez-Hincapi{\'e}, Ricardo and Sebasti{\'a}n-Pascual, Paula and Climent, V{\'\i}ctor and Feliu, Juan M},
  journal={Electrochemistry Communications},
  volume={58},
  pages={62--64},
  year={2015},
  publisher={Elsevier}
}

@article{cheng2018explanation,
  title={Explanation of dramatic pH-dependence of hydrogen binding on noble metal electrode: Greatly weakened water adsorption at high pH},
  author={Cheng, Tao and Wang, Lu and Merinov, Boris V and Goddard III, William A},
  journal={Journal of the American Chemical Society},
  volume={140},
  number={25},
  pages={7787--7790},
  year={2018},
  publisher={ACS Publications}
}

@article{sheng2015correlating,
  title={Correlating hydrogen oxidation and evolution activity on platinum at different pH with measured hydrogen binding energy},
  author={Sheng, Wenchao and Zhuang, Zhongbin and Gao, Minrui and Zheng, Jie and Chen, Jingguang G and Yan, Yushan},
  journal={Nature communications},
  volume={6},
  number={1},
  pages={1--6},
  year={2015},
  publisher={Nature Publishing Group}
}

@article{norskov2005trends,
  title={Trends in the exchange current for hydrogen evolution},
  author={N{\o}rskov, Jens Kehlet and Bligaard, Thomas and Logadottir, Ashildur and Kitchin, JR and Chen, Jingguang G and Pandelov, S and Stimming, U},
  journal={Journal of The Electrochemical Society},
  volume={152},
  number={3},
  pages={J23},
  year={2005},
  publisher={IOP Publishing}
}

@article{carrasco2012molecular,
  title={A molecular perspective of water at metal interfaces},
  author={Carrasco, Javier and Hodgson, Andrew and Michaelides, Angelos},
  journal={Nature materials},
  volume={11},
  number={8},
  pages={667--674},
  year={2012},
  publisher={Nature Publishing Group}
}


@article{forster2014dispersion,
  title={Dispersion corrected RPBE studies of liquid water},
  author={Forster-Tonigold, Katrin and Gro{\ss}, Axel},
  journal={The Journal of chemical physics},
  volume={141},
  number={6},
  pages={064501},
  year={2014},
  publisher={American Institute of Physics}
}

@article{hansen2016ph,
  title={pH in grand canonical statistics of an electrochemical interface},
  author={Hansen, Martin Hangaard and Rossmeisl, Jan},
  journal={The Journal of Physical Chemistry C},
  volume={120},
  number={51},
  pages={29135--29143},
  year={2016},
  publisher={ACS Publications}
}


@article{karlberg2007estimations,
  title={Estimations of electric field effects on the oxygen reduction reaction based on the density functional theory},
  author={Karlberg, GS and Rossmeisl, Jan and N{\o}rskov, Jens Kehlet},
  journal={Physical Chemistry Chemical Physics},
  volume={9},
  number={37},
  pages={5158--5161},
  year={2007},
  publisher={Royal Society of Chemistry}
}





@inproceedings{vurdu2015investigation,
  title={Investigation of H (2H)-Pt (111) interaction system: using density functional methods},
  author={Vurdu, Can Dogan and Cavus, Muhammet Serdar and Kandemirli, Fatma},
  booktitle={3rd International Conference on Computation for Science and Technology (ICCST-3)},
  pages={144--148},
  year={2015},
  organization={Atlantis Press}
}




%Appendix2
@article {climate,
	author = {Karl, Thomas R. and Trenberth, Kevin E.},
	title = {Modern Global Climate Change},
	volume = {302},
	number = {5651},
	pages = {1719--1723},
	year = {2003},
	doi = {10.1126/science.1090228},
	publisher = {American Association for the Advancement of Science},
	abstract = {Modern climate change is dominated by human influences, which are now large enough to exceed the bounds of natural variability. The main source of global climate change is human-induced changes in atmospheric composition. These perturbations primarily result from emissions associated with energy use, but on local and regional scales, urbanization and land use changes are also important. Although there has been progress in monitoring and understanding climate change, there remain many scientific, technical, and institutional impediments to precisely planning for, adapting to, and mitigating the effects of climate change. There is still considerable uncertainty about the rates of change that can be expected, but it is clear that these changes will be increasingly manifested in important and tangible ways, such as changes in extremes of temperature and precipitation, decreases in seasonal and perennial snow and ice extent, and sea level rise. Anthropogenic climate change is now likely to continue for many centuries. We are venturing into the unknown with climate, and its associated impacts could be quite disruptive.},
	issn = {0036-8075},
	URL = {https://science.sciencemag.org/content/302/5651/1719},
	eprint = {https://science.sciencemag.org/content/302/5651/1719.full.pdf},
	journal = {Science}
}

@article{cc,
author = {Olah, George A. and Prakash, G. K. Surya and Goeppert, Alain},
title = {Anthropogenic Chemical Carbon Cycle for a Sustainable Future},
journal = {Journal of the American Chemical Society},
volume = {133},
number = {33},
pages = {12881-12898},
year = {2011},
doi = {10.1021/ja202642y},
    note ={PMID: 21612273},

URL = { 
        https://doi.org/10.1021/ja202642y
    
},
eprint = { 
        https://doi.org/10.1021/ja202642y
    
}}

@Article{dorner,
author ="Dorner, Robert W. and Hardy, Dennis R. and Williams, Frederick W. and Willauer, Heather D.",
title  ="Heterogeneous catalytic CO2 conversion to value-added hydrocarbons",
journal  ="Energy Environ. Sci.",
year  ="2010",
volume  ="3",
issue  ="7",
pages  ="884-890",
publisher  ="The Royal Society of Chemistry",
doi  ="10.1039/C001514H",
url  ="http://dx.doi.org/10.1039/C001514H",
abstract  ="The impact that anthropogenic CO2 is having on the environment has been thoroughly documented over the last 20 years. Many different technologies have been proposed to reduce its impact on global warming such as geological sequestration. However{,} an interesting and attractive alternative would be the recycling of the gas into energy-rich molecules. Iron rather than cobalt catalysts{,} based on the Fischer–Tropsch technology{,} have shown the greatest promise in converting CO2 to value-added hydrocarbons. The addition of co-catalysts is{,} however{,} essential to fine tune the product distribution to the more desired alkene products. The role that both the promoter and support play on the catalyst{'}s activity is reviewed."}

@Article{javier,
author ="Kondratenko, Evgenii V. and Mul, Guido and Baltrusaitis, Jonas and Larrazábal, Gastón O. and Pérez-Ramírez, Javier",
title  ="Status and perspectives of CO2 conversion into fuels and chemicals by catalytic{,} photocatalytic and electrocatalytic processes",
journal  ="Energy Environ. Sci.",
year  ="2013",
volume  ="6",
issue  ="11",
pages  ="3112-3135",
publisher  ="The Royal Society of Chemistry",
doi  ="10.1039/C3EE41272E",
url  ="http://dx.doi.org/10.1039/C3EE41272E",
abstract  ="This review highlights recent developments and future perspectives in carbon dioxide usage for the sustainable production of energy and chemicals and to reduce global warming. We discuss the heterogeneously catalysed hydrogenation{,} as well as the photocatalytic and electrocatalytic conversion of CO2 to hydrocarbons or oxygenates. Various sources of hydrogen are also reviewed in terms of their CO2 neutrality. Technologies have been developed for large-scale CO2 hydrogenation to methanol or methane. Their industrial application is{,} however{,} limited by the high price of renewable hydrogen and the availability of large-volume sources of pure CO2. With regard to the direct electrocatalytic reduction of CO2 to value-added chemicals{,} substantial advances in electrodes{,} electrolyte{,} and reactor design are still required to permit the development of commercial processes. Therefore{,} in this review particular attention is paid to (i) the design of metal electrodes to improve their performance and (ii) recent developments of alternative approaches such as the application of ionic liquids as electrolytes and of microorganisms as co-catalysts. The most significant improvements both in catalyst and reactor design are needed for the photocatalytic functionalisation of CO2 to become a viable technology that can help in the usage of CO2 as a feedstock for the production of energy and chemicals. Apart from technological aspects and catalytic performance{,} we also discuss fundamental strategies for the rational design of materials for effective transformations of CO2 to value-added chemicals with the help of H2{,} electricity and/or light."}


@article{rwgs,
author = {Porosoff, Marc D. and Yang, Xiaofang and Boscoboinik, J. Anibal and Chen, Jingguang G.},
title = {Molybdenum Carbide as Alternative Catalysts to Precious Metals for Highly Selective Reduction of CO2 to CO},
journal = {Angewandte Chemie International Edition},
volume = {53},
number = {26},
pages = {6705-6709},
keywords = {cobalt, CO2 Conversion, heterogeneous catalysis, molybdenum carbide, XANES},
doi = {10.1002/anie.201404109},
url = {https://onlinelibrary.wiley.com/doi/abs/10.1002/anie.201404109},
eprint = {https://onlinelibrary.wiley.com/doi/pdf/10.1002/anie.201404109},
abstract = {Abstract Rising atmospheric CO2 is expected to have negative effects on the global environment from its role in climate change and ocean acidification. Utilizing CO2 as a feedstock to make valuable chemicals is potentially more desirable than sequestration. A substantial reduction of CO2 levels requires a large-scale CO2 catalytic conversion process, which in turn requires the discovery of low-cost catalysts. Results from the current study demonstrate the feasibility of using the non-precious metal material molybdenum carbide (Mo2C) as an active and selective catalyst for CO2 conversion by H2.},
year = {2014}
}


@article{hydrogenation1,
author = {Rodemerck, Uwe and Holeňa, Martin and Wagner, Edmund and Smejkal, Quido and Barkschat, Axel and Baerns, Manfred},
title = {Catalyst Development for CO2 Hydrogenation to Fuels},
journal = {ChemCatChem},
volume = {5},
number = {7},
pages = {1948-1955},
keywords = {carbon dioxide, Fischer–Tropsch synthesis, hydrocarbons, hydrogenation, supported catalysts},
doi = {10.1002/cctc.201200879},
url = {https://chemistry-europe.onlinelibrary.wiley.com/doi/abs/10.1002/cctc.201200879},
eprint = {https://chemistry-europe.onlinelibrary.wiley.com/doi/pdf/10.1002/cctc.201200879},
abstract = {Abstract New active and selective catalyst compositions for the hydrogenation of CO2 to mainly fuel-type higher hydrocarbons were developed by application of an evolutionary strategy. It was shown that Fe and K supported on TiO2 and modified by Cu plus other modifiers resulted in highest selectivity for C5–C15 hydrocarbons at high degrees of CO2 conversion. Co containing catalysts were less suited since they produced methane and light hydrocarbons with high selectivities. A detailed study of reaction conditions showed that selected catalyst compositions were able to reach high CO2 conversion with still low selectivities to methane at higher reaction temperatures and a higher H2/CO2 ratio.},
year = {2013}
}


@article{hydrogenation2,
author = {Melaet, Gérôme and Ralston, Walter T. and Li, Cheng-Shiuan and Alayoglu, Selim and An, Kwangjin and Musselwhite, Nathan and Kalkan, Bora and Somorjai, Gabor A.},
title = {Evidence of Highly Active Cobalt Oxide Catalyst for the Fischer–Tropsch Synthesis and CO2 Hydrogenation},
journal = {Journal of the American Chemical Society},
volume = {136},
number = {6},
pages = {2260-2263},
year = {2014},
doi = {10.1021/ja412447q},
    note ={PMID: 24460136},

URL = { 
        https://doi.org/10.1021/ja412447q
    
},
eprint = { 
        https://doi.org/10.1021/ja412447q}
}


@article{kunkel,
author = {Kunkel, Christian and Vines, Francesc and Illas, Francesc},
title = {Biogas Upgrading by Transition Metal Carbides},
journal = {ACS Applied Energy Materials},
volume = {1},
number = {1},
pages = {43-47},
year = {2018},
doi = {10.1021/acsaem.7b00086},

URL = { 
        https://doi.org/10.1021/acsaem.7b00086
    
},
eprint = { 
        https://doi.org/10.1021/acsaem.7b00086
    
}

}


@Article{MXene-co2,
author ="Morales-García, Ángel and Fernández-Fernández, Adrián and Viñes, Francesc and Illas, Francesc",
title  ="CO2 abatement using two-dimensional MXene carbides",
journal  ="J. Mater. Chem. A",
year  ="2018",
volume  ="6",
issue  ="8",
pages  ="3381-3385",
publisher  ="The Royal Society of Chemistry",
doi  ="10.1039/C7TA11379J",
url  ="http://dx.doi.org/10.1039/C7TA11379J",
abstract  ="Two-dimensional transition metal carbides with a formula of M2C (M = Ti{,} Zr{,} Hf{,} V{,} Nb{,} Ta{,} Cr{,} Mo{,} W) have been recently synthesized and isolated{,} and are here presented as very promising candidates for carbon dioxide (CO2) capture{,} storage{,} and activation. By means of density functional theory investigations including dispersion we show the strong CO2 uptake and activation on M2C compounds{,} where the estimates of adsorption and desorption rates indicate their CO2 adsorption capacity even at low CO2 partial pressures and high temperatures. The M2C compounds feature noteworthy CO2 loading capacities ranging from 2.34 to 8.25 mol CO2 kg−1{,} making them practical materials for CO2 abatement."}

@article{freund,
title = "Surface chemistry of carbon dioxide",
journal = "Surface Science Reports",
volume = "25",
number = "8",
pages = "225 - 273",
year = "1996",
issn = "0167-5729",
doi = "https://doi.org/10.1016/S0167-5729(96)00007-6",
url = "http://www.sciencedirect.com/science/article/pii/S0167572996000076",
author = "H.-J. Freund and M.W. Roberts",
abstract = "The review discusses how CO2 surface chemistry has developed since the early 1950s. Emphasis is given to studies of well-characterized surfaces of metals, oxides and some more complex systems involving in particular alkali modified surfaces and also of coadsorbed molecules."
}

@article{com1,
title = "Catalytic carbon dioxide hydrogenation to methanol: A review of recent studies",
journal = "Chemical Engineering Research and Design",
volume = "92",
number = "11",
pages = "2557 - 2567",
year = "2014",
issn = "0263-8762",
doi = "https://doi.org/10.1016/j.cherd.2014.03.005",
url = "http://www.sciencedirect.com/science/article/pii/S0263876214001282",
author = "Suhas G. Jadhav and Prakash D. Vaidya and Bhalchandra M. Bhanage and Jyeshtharaj B. Joshi",
keywords = "Methanol, Syngas, Carbon dioxide, Carbon Monoxide, Hydrogenation, Cu/ZnO Catalyst, Pd Catalyst",
abstract = "Methanol demand is continuously increasing in the chemical and energy industries. It is commercially produced from synthesis gas (CO+CO2+H2) using CuO/ZnO/Al2O3 catalysts. Today, much effort is being put on the development of technologies for its production from carbon dioxide (CO2). In this way, the Greenhouse effect may be mitigated. Over the years, several useful works on CO2 hydrogenation to methanol have been reported in the literature. In this article, we present a comprehensive overview of all the recent studies published during the past decade. Various aspects on this reaction system (such as thermodynamic considerations, innovations in catalysts, influences of reaction variables, overall catalyst performance, reaction mechanism and kinetics, and recent technological advances) are described in detail. The major challenges confronting methanol production from CO2 are considered. By now, such a discussion is still missing, and we intend to close this gap in this paper."
}

@article{com2,
title = "Formation of hydrocarbons via CO2 hydrogenation – A thermodynamic study",
journal = "Journal of CO2 Utilization",
volume = "6",
pages = "34 - 39",
year = "2014",
issn = "2212-9820",
doi = "https://doi.org/10.1016/j.jcou.2014.03.002",
url = "http://www.sciencedirect.com/science/article/pii/S2212982014000171",
author = "L. Torrente-Murciano and D. Mattia and M.D. Jones and P.K. Plucinski",
keywords = "Fischer–Tropsch, CO hydrogenation, Gibbs free energy, Thermodynamics, Water gas shift",
abstract = "The thermodynamic equilibria of the synthesis of hydrocarbons via CO2 reduction and the Fischer–Tropsch (FT) process have been calculated minimizing the Gibbs free energy. This study reveals the theoretical optimum reaction conditions for the tandem process: CO2 reduction followed by the FT conversion into hydrocarbons in order to (i) increase the overall CO2 conversion (by increasing the H2:CO2 ratio), (ii) increase the hydrocarbon formation (increasing the H2:CO2 ratio or addition of CO in the feed mixture) and (iii) maximize the H2 yield into hydrocarbons formation as opposed to water (when the reaction temperature is below 600K or by the addition of CO in the feed mixture). In situ removal of water has no apparent effect on the overall conversion or hydrogen selectivity in the tandem system. These equilibrium calculations, in conjunction with catalysis development and reaction engineering are expected to guide the future research approach towards CO2 utilization."
}

@ARTICLE{Campbell1990_775,
  author = {Charlas T Campbell},
  title = {},
  journal = {Annu. Rev. Phys. Chem.},
  year = {1990},
  volume = {41},
  pages = {775-837},
  number = {},
  doi = {DOI: 10.1146/annurev.pc.41.100190.004015},
}



@ARTICLE{Bond2006,
  author = {Andrzej Borodzi\'nski and  Geoffrey C. Bond},
  title = {},
  journal = {Catal. Rev. Sci. Eng.},
  year = {2006},
  volume = {48},
  pages = {91-144},
  number = {2},
   doi = {10.1080/01614940500364909},
}

@ARTICLE{Kovnir2007,
  author = {K. Kovnir and M. Armbr\"uster and  D. Teschner and  T.V. Venkov 
           and F.C. Jentoft and  A. Knop-Gericke and  Yu. Grin and R. Schl\"ogl},
  title = {},
  journal = {Sci. Technol. Adv. Mater.},
  year = {2007},
  volume = {8},
  pages = {420-427},
  number = {5},
   doi = {10.1016/j.stam.2007.05.004},
}

@ARTICLE{Kovnir2009,
  author = {K. Kovnir and M. Armbr\"uster and  D. Teschnerb and T.V. Venkovb
           and  L. Szentmikl\'osi and F.C. Jentoft and  A. Knop-Gerickeb and 
           Yu. Grin and R. Schl\"ogl},
  title = {},
  journal = {Surf. Sci.},
  year = {2009},
  volume = {603},
  pages = {1784-1792},
  number = {10},
   doi = {10.1016/j.susc.2008.09.058},
}

@ARTICLE{Marc2010,
  author = {Marc Armbr\"uster and Kirill Kovnir  and Malte Behrens and Detre Teschner
           and Yuri Grin and and Robert Schl\"ogl},
  title = {},
  journal = {{J}.~{A}m.\ {C}hem.\ {S}oc.},
  year = {2010},
  volume = {132},
  pages = {14745-14747},
  number = {42},
   doi = {10.1021/ja106568t},
}

@ARTICLE{Jan2014,
  author = {Jan Prinz and  Carlo A. Pignedoli and  Quirin S. St\"ockl and  Marc Armbr\"uster
           and  Harald Brune and Oliver Gr\"oning and Roland Widmer and Daniele Passerone},
  title = {},
  journal = {{J}.~{A}m.\ {C}hem.\ {S}oc.},
  year = {2014},
  volume = {136},
  pages = {11792-11798},
  number = {33},
  doi = {10.1021/ja505936b},
}

@ARTICLE{Hafner2012,
  author = { M. Kraj\'c\'i and  J. Hafner},
  title = {},
  journal = {J. Catal.},
  year = {2012},
  volume = {295},
  pages = {70-80},
  number = {},
    doi = {10.1016/j.jcat.2012.07.025},
}

@ARTICLE{Verbeek1983,
  author = { B.H. Verbeek and P.K. Larsen and W.M. Gerits},
  title = {},
  journal = {Vacuum},
  year = {1983},
  volume = {33},
  pages = {813-814},
  number = {10-12},
    doi = {10.1016/0042-207X(83)90615-2},
}

@ARTICLE{Bechthold2012,
  author = {P. Bechthold and P. Jasen and E. Gonz\'alez and A. Juan},
  title = {},
  journal = {J. Phys. Chem. C},
  year = {2012},
  volume = {116},
  pages = {17518-17524},
  number = {33},
    doi = {10.1021/jp302588n},
}

@ARTICLE{Bechthold2013,
  author = {P. Bechthold and P.V. Jasen and J.S. Ardenghi and E.A. Gonz\'alez
           and A. Juan},
  title = {},
  journal = {Computational Materials Science},
  year = {2013},
  volume = {71},
  pages = {192-196},
  number = {},
    doi = {10.1016/j.commatsci.2013.01.033},
}

@ARTICLE{Bechthold2014HE,
  author = { P. Bechthold and J.S. Ardenghi and O. Nagel and A. Juan and E.A. Gonz\'alez
             and P.V. Jasen },
  title = {},
  journal = {Int. J. Hydrogen Energ. },
  year = {2014},
  volume = {39},
  pages = {2093-2103},
  number = {5},
    doi = {10.1016/j.ijhydene.2013.11.077},
}

@ARTICLE{Bechthold2014ASS,
  author = {P. Bechthold and J.S. Ardhengi and A. Juan and E.A. Gonz\'alez
            and P.V. Jasen},
  title = {},
  journal = {Appl. Surf. Sci.},
  year = {2014},
  volume = {315},
  pages = {467-474},
  number = {},
    doi = {10.1016/j.apsusc.2014.01.074},
}



@ARTICLE{USPP1990,
  author = {David Vanderbilt},
  title = {Soft self-consistent pseudopotentials in a generalized eigenvalue formalism},
  journal = {Phys. Rev. B},
  year = {1990},
  volume = {41},
  pages = {7892-7895},
  number = {11},
    doi = {http://dx.doi.org/10.1103/PhysRevB.41.7892},
}



@ARTICLE{K-pointMP1976,
  author = {Hendrik J. Monkhorst and James D. Pack},
  title = {Special points for Brillouin-zone integrations.},
  journal = {Phys. Rev. B},
  year = {1976},
  volume = {13},
  pages = {5188-5192},
  number = {12},
    doi = {10.1103/PhysRevB.13.5188},
}

@ARTICLE{Manchester1994,
  author = { F. D. Manchester and A. San-Martin and J. M. Pitre },
  title = {},
  journal = {J. Phase Equilib.},
  year = {1994},
  volume = {15},
  pages = {62-83},
  number = {1},
    doi = {10.1007/BF02667685},
}

@ARTICLE{HEINE1968,
  author = {V. Heine},
  title = {},
  journal = {J. Phys. C ( Proc. Phys. Soc. ) },
  year = {1968},
  volume = {1},
  pages = {222-232},
  number = {2},
    doi = {10.1088/0022-3719/1/1/325},
}

@ARTICLE{MarcA2010,
  author = {Marc Armbr\"uster and Horst Borrmann and Michael Wedel and 
           Yurii Prots and Rainer Giedigkeit and Peter Gille},
  title = {},
  journal = {Z. Kristallogr. NCS},
  year = {2010},
  volume = {222},
  pages = {617-618},
  number = {},
    doi = {10.1524/ncrs.2010.0269},
}

@ARTICLE{Nicholas2009,
  author = {Nicholas E. Singh-Miller and Nicola Marzari},
  title = {},
  journal = {Phys. Rev. B},
  year = {2009},
  volume = {80},
  pages = {235407},
  number = {},
    doi = {10.1103/PhysRevB.80.235407},
}

@ARTICLE{Silva2006,
  author = {Juarez L.F. Da Silva and  Catherine Stampfl and Matthias Scheffler},
  title = {},
  journal = {Surf. Sci.},
  year = {2006},
  volume = {600},
  pages = {703-715},
  number = {},
    doi = {10.1016/j.susc.2005.12.008},
}

@ARTICLE{Hafner2013,
  author = {M. Kraj\'c\'i and J. Hafner},
  title = {},
  journal = {J. Chem. Phys.},
  year = {2013},
  volume = {138},
  pages = {124703},
  number = {},
    doi = {10.1063/1.4795435},
}

@ARTICLE{DirkR2012,
  author = {Dirk Rosenthal and Roland Widmer and Ronald Wagner and Peter Gille and 
           Marc Armbr\"uster and Yuri Grin and Robert Schl\"ogl and Oliver Gr\"oning},
  title = {},
  journal = {Langmuir},
  year = {2012},
  volume = {28},
  pages = {6848-6856},
  number = {17},
    doi = {10.1021/la2050509},
}

@ARTICLE{CINEB2000,
  author = {Graeme Henkelman and Blas P. Uberuaga and Hannes J\'onsson},
  title = {},
  journal = {J. Chem. Phys.},
  year = {2000},
  volume = {113},
  pages = {9901},
  number = {},
    doi = {10.1063/1.1329672},
}

@ARTICLE{NEB2000,
  author = { Graeme Henkelman and Hannes J\'onsson},
  title = { },
  journal = {J. Chem. Phys. },
  year = {2000},
  volume = {113},
  pages = {9978},
  number = {},
    doi = {10.1063/1.1323224},
}

@ARTICLE{Jan2012,
  author = {Jan Prinz and Roberto Gaspari and Carlo A. Pignedoli and Jochen Vogt
            and Peter Gille and Marc Armbr\"uster and Harald Brune and Oliver
            Gr\"oning and Daniele Passerone and  Roland Widmer},
  title = {},
  journal = {Angew. Chem. Int. Ed.},
  year = {2012},
  volume = {51},
  pages = {9339-9343},
  number = {},
    doi = {10.1002/anie.201203787},
}

@ARTICLE{Donald1982,
  author = {Donald D. Wagman and Williams H. Evans and Vivian B. Parker and Richard H.
            Schumm and Iva Halow and Sylvia M. Bailey and Kenneth L. Churney and 
            Rolph L. Nuttall},
  title = {},
  journal = {J. Phys. Chem. Ref. Data},
  year = {1982},
  volume = {11},
  pages = {1-407},
  number = {2},
    doi = {},
}

@ARTICLE{Meschel1997,
  author = {S.V. Meschel and O.J. Kleppa},
  title = {},
  journal = {Thermochimica Acta},
  year = {1997},
  volume = {292},
  pages = {13-17},
  number = {},
    doi = {10.1016/S0040-6031(97)00019-1},
}
@BOOK{CRC2004,
  title = {CRC Handbook of Chemistry and Physics},
  publisher = {CRC, Boca Raton},
  year = {2004},
  editor = {D. R. Lide},
  address = {},
  edition = {84},
  subtitle = {},
}

@ARTICLE{Hafner2014,
  author = {M. Kraj\'c\'i and  J. Hafner},
  title = {},
  journal = {J. Catal.},
  year = {2014},
  volume = {312},
  pages = {232-248},
  number = {},
    doi = {10.1016/j.jcat.2014.02.001},
}

@ARTICLE{Pushpa2009,
  author = {Raghani Pushpa and Prasenjit Ghosh and Shobhana Narasimhan and Stefano de Gironcoli},
  title = {},
  journal = {Phys. Rev. B},
  year = {2009},
  volume = {79},
  pages = {165406},
  number = {},
    doi = {10.1103/PhysRevB.79.165406},
}
@ARTICLE{Osswald2008_1,
  author = {J\"urgen Osswald and Rainer Giedigkeit and Rolf E. Jentoft and Marc Armbr\"uster
            and Frank Girgsdies and Kirill Kovnir and Thorsten Ressler and Yuri Grin and 
            Robert Schl\"ogl},
  title = {},
  journal = {J. Catal.},
  year = {2008},
  volume = {258},
  pages = {210-218},
  number = {},
    doi = {10.1016/j.jcat.2008.06.013},
}
@ARTICLE{Osswald2008_2,
  author = {J\"urgen Osswald and Kirill Kovnir and  Marc Armbr\"uster and Rainer 
            Giedigkeit and Rolf E. Jentoft and Ute Wild and Yuri Grin and 
            Robert Schl\"ogl},
  title = {},
  journal = {J. Catal.},
  year = {2008},
  volume = {258},
  pages = {219-227},
  number = {},
    doi = {10.1016/j.jcat.2008.06.014},
}
@ARTICLE{Gille2010,
  author = {P Gille and T Ziemer and M Schmidt and K Kovnir
            and U Burkhardt and M Ambr\"uster},
  title = {},
  journal = {Intermetallics},
  year = {2010},
  volume = {18},
  pages = {1663-1668},
  number = {},
    doi = {},
}
@article{novoselov2004electric,
  title={Electric field effect in atomically thin carbon films},
  author={Novoselov, Kostya S and Geim, Andre K and Morozov, Sergei V and Jiang, D and Zhang, Y\_ and Dubonos, Sergey V and Grigorieva, Irina V and Firsov, Alexandr A},
  journal={science},
  volume={306},
  number={5696},
  pages={666--669},
  year={2004},
  publisher={American Association for the Advancement of Science}
}
@article{zhou2011mixed,
  title={A mixed-solvent strategy for efficient exfoliation of inorganic graphene analogues},
  author={Zhou, Kai-Ge and Mao, Nan-Nan and Wang, Hang-Xing and Peng, Yong and Zhang, Hao-Li},
  journal={Angewandte Chemie International Edition},
  volume={50},
  number={46},
  pages={10839--10842},
  year={2011},
  publisher={Wiley Online Library}
}
@article{zeng2011single,
  title={Single-Layer Semiconducting Nanosheets: High-yield preparation and device fabrication},
  author={Zeng, Zhiyuan and Yin, Zongyou and Huang, Xiao and Li, Hai and He, Qiyuan and Lu, Gang and Boey, Freddy and Zhang, Hua},
  journal={Angewandte Chemie International Edition},
  volume={50},
  number={47},
  pages={11093--11097},
  year={2011},
  publisher={Wiley Online Library}
}
@article{wang2012electronics,
  title={Electronics and optoelectronics of two-dimensional transition metal dichalcogenides},
  author={Wang, Qing Hua and Kalantar-Zadeh, Kourosh and Kis, Andras and Coleman, Jonathan N and Strano, Michael S},
  journal={Nature nanotechnology},
  volume={7},
  number={11},
  pages={699},
  year={2012},
  publisher={Nature Publishing Group}
}
@article{jin2009fabrication,
  title={Fabrication of a freestanding boron nitride single layer and its defect assignments},
  author={Jin, Chuanhong and Lin, Fang and Suenaga, Kazu and Iijima, Sumio},
  journal={Physical review letters},
  volume={102},
  number={19},
  pages={195505},
  year={2009},
  publisher={APS}
}
@article{jin2009fabrication,
  title={Fabrication of a freestanding boron nitride single layer and its defect assignments},
  author={Jin, Chuanhong and Lin, Fang and Suenaga, Kazu and Iijima, Sumio},
  journal={Physical review letters},
  volume={102},
  number={19},
  pages={195505},
  year={2009},
  publisher={APS}
}
@article{houssa2011electronic,
  title={Electronic properties of hydrogenated silicene and germanene},
  author={Houssa, Michel and Scalise, Emilio and Sankaran, Kiroubanand and Pourtois, Geoffrey and Afanas’ Ev, VV and Stesmans, Andre},
  journal={Applied Physics Letters},
  volume={98},
  number={22},
  pages={223107},
  year={2011},
  publisher={AIP}
}
@article{bianco2013stability,
  title={Stability and exfoliation of germanane: a germanium graphane analogue},
  author={Bianco, Elisabeth and Butler, Sheneve and Jiang, Shishi and Restrepo, Oscar D and Windl, Wolfgang and Goldberger, Joshua E},
  journal={Acs Nano},
  volume={7},
  number={5},
  pages={4414--4421},
  year={2013},
  publisher={ACS Publications}
}
@article{naguib2011two,
  title={Two-dimensional nanocrystals produced by exfoliation of Ti3AlC2},
  author={Naguib, Michael and Kurtoglu, Murat and Presser, Volker and Lu, Jun and Niu, Junjie and Heon, Min and Hultman, Lars and Gogotsi, Yury and Barsoum, Michel W},
  journal={Advanced Materials},
  volume={23},
  number={37},
  pages={4248--4253},
  year={2011},
  publisher={Wiley Online Library}
}
@article{anasori20172d,
  title={2D metal carbides and nitrides (MXenes) for energy storage},
  author={Anasori, Babak and Lukatskaya, Maria R and Gogotsi, Yury},
  journal={Nature Reviews Materials},
  volume={2},
  number={2},
  pages={16098},
  year={2017},
  publisher={Nature Publishing Group}
}
@article{gao20162d,
  title={2D MXenes: a new family of promising catalysts for the hydrogen evolution reaction},
  author={Gao, Guoping and O’Mullane, Anthony P and Du, Aijun},
  journal={ACS Catalysis},
  volume={7},
  number={1},
  pages={494--500},
  year={2016},
  publisher={ACS Publications}
}
@article{zhang2017ti,
  title={Ti 2 CO 2 MXene: a highly active and selective photocatalyst for CO 2 reduction},
  author={Zhang, Xu and Zhang, Zihe and Li, Jielan and Zhao, Xudong and Wu, Dihua and Zhou, Zhen},
  journal={Journal of Materials Chemistry A},
  volume={5},
  number={25},
  pages={12899--12903},
  year={2017},
  publisher={Royal Society of Chemistry}
}

@article{zhou2018heterostructures,
  title={Heterostructures of MXenes and N-doped graphene as highly active bifunctional electrocatalysts},
  author={Zhou, Si and Yang, Xiaowei and Pei, Wei and Liu, Nanshu and Zhao, Jijun},
  journal={Nanoscale},
  volume={10},
  number={23},
  pages={10876--10883},
  year={2018},
  publisher={Royal Society of Chemistry}
}
@article{li20192d,
  title={2D Early Transition Metal Carbides (MXenes) for Catalysis},
  author={Li, Zhe and Wu, Yue},
  journal={Small},
  pages={1804736},
  year={2019},
  publisher={Wiley Online Library}
}
@article{behrens2012active,
  title={The active site of methanol synthesis over Cu/ZnO/Al2O3 industrial catalysts},
  author={Behrens, Malte and Studt, Felix and Kasatkin, Igor and K{\"u}hl, Stefanie and H{\"a}vecker, Michael and Abild-Pedersen, Frank and Zander, Stefan and Girgsdies, Frank and Kurr, Patrick and Kniep, Benjamin-Louis and others},
  journal={Science},
  volume={336},
  number={6083},
  pages={893--897},
  year={2012},
  publisher={American Association for the Advancement of Science}
}
@book{olah2018beyond,
  title={Beyond Oil and Gas: The Methanol Economy},
  author={Olah, George A and Goeppert, Alain and Prakash, GK Surya},
  year={2018},
  publisher={John Wiley \& Sons}
}
@article{yang2017copper,
  title={Copper cluster size effect in methanol synthesis from CO2},
  author={Yang, Bing and Liu, Cong and Halder, Avik and Tyo, Eric C and Martinson, Alex BF and Seifert, Sonke and Zapol, Peter and Curtiss, Larry A and Vajda, Stefan},
  journal={The Journal of Physical Chemistry C},
  volume={121},
  number={19},
  pages={10406--10412},
  year={2017},
  publisher={ACS Publications}
}
@article{posada2016conversion,
  title={The conversion of CO 2 to methanol on orthorhombic $\beta$-Mo 2 C and Cu/$\beta$-Mo 2 C catalysts: mechanism for admetal induced change in the selectivity and activity},
  author={Posada-P{\'e}rez, Sergio and Ram{\'\i}rez, Pedro J and Guti{\'e}rrez, Ram{\'o}n A and Stacchiola, Dario J and Vi{\~n}es, Francesc and Liu, Ping and Illas, Francesc and Rodriguez, Jos{\'e} A},
  journal={Catalysis Science \& Technology},
  volume={6},
  number={18},
  pages={6766--6777},
  year={2016},
  publisher={Royal Society of Chemistry}
}
@article{guvelioglu2006first,
  title={First principles studies on the growth of small Cu clusters and the dissociative chemisorption of H 2},
  author={Guvelioglu, Galip H and Ma, Pingping and He, Xiaoyi and Forrey, Robert C and Cheng, Hansong},
  journal={Physical Review B},
  volume={73},
  number={15},
  pages={155436},
  year={2006},
  publisher={APS}
}
@article{guvelioglu2005evolution,
  title={Evolution of small copper clusters and dissociative chemisorption of hydrogen},
  author={Guvelioglu, Galip H and Ma, Pingping and He, Xiaoyi and Forrey, Robert C and Cheng, Hansong},
  journal={Physical review letters},
  volume={94},
  number={2},
  pages={026103},
  year={2005},
  publisher={APS}
}
@article{chaves2014role,
  title={The role of charge states in the atomic structure of Cu n and Pt n (n= 2--14 atoms) clusters: a DFT investigation},
  author={Chaves, Anderson S and Rondina, Gustavo G and Piotrowski, Maur{\'\i}cio J and Tereshchuk, Polina and Da Silva, Juarez LF},
  journal={The Journal of Physical Chemistry A},
  volume={118},
  number={45},
  pages={10813--10821},
  year={2014},
  publisher={ACS Publications}
}
@article{calaminici1996density,
  title={A density functional study of small copper clusters: Cu$_n$ (n$\leq$ 5)},
  author={Calaminici, e P and K{\"o}ster, AM and Russo, N and Salahub, DR},
  journal={The Journal of chemical physics},
  volume={105},
  number={21},
  pages={9546--9556},
  year={1996},
  publisher={AIP}
}
@article{janthon2013establishing,
  title={Establishing the accuracy of broadly used density functionals in describing bulk properties of transition metals},
  author={Janthon, Patanachai and Kozlov, Sergey M and Vines, Francesc and Limtrakul, Jumras and Illas, Francesc},
  journal={Journal of chemical theory and computation},
  volume={9},
  number={3},
  pages={1631--1640},
  year={2013},
  publisher={ACS Publications}
}
@article{khazaei2013novel,
  title={Novel electronic and magnetic properties of two-dimensional transition metal carbides and nitrides},
  author={Khazaei, Mohammad and Arai, Masao and Sasaki, Taizo and Chung, Chan-Yeup and Venkataramanan, Natarajan S and Estili, Mehdi and Sakka, Yoshio and Kawazoe, Yoshiyuki},
  journal={Advanced Functional Materials},
  volume={23},
  number={17},
  pages={2185--2192},
  year={2013},
  publisher={Wiley Online Library}
}
@article{naguib2012two,
  title={Two-dimensional transition metal carbides},
  author={Naguib, Michael and Mashtalir, Olha and Carle, Joshua and Presser, Volker and Lu, Jun and Hultman, Lars and Gogotsi, Yury and Barsoum, Michel W},
  journal={ACS nano},
  volume={6},
  number={2},
  pages={1322--1331},
  year={2012},
  publisher={ACS Publications}
}
@article{halim2019electronic,
  title={Electronic and optical characterization of 2D Ti 2 C and Nb 2 C (MXene) thin films},
  author={Halim, Joseph and Persson, Ingemar and Moon, Eun Ju and Kuhne, Philipp and Darakchieva, Vanya and Persson, Per and Eklund, Per and Rosen, Johanna and Barsoum, Michel W},
  journal={Journal of Physics: Condensed Matter},
  year={2019},
  publisher={IOP Publishing}
}
@article{hope2016nmr,
  title={NMR reveals the surface functionalisation of Ti 3 C 2 MXene},
  author={Hope, Michael A and Forse, Alexander C and Griffith, Kent J and Lukatskaya, Maria R and Ghidiu, Michael and Gogotsi, Yury and Grey, Clare P},
  journal={Physical Chemistry Chemical Physics},
  volume={18},
  number={7},
  pages={5099--5102},
  year={2016},
  publisher={Royal Society of Chemistry}
}
@article{halim2016x,
  title={X-ray photoelectron spectroscopy of select multi-layered transition metal carbides (MXenes)},
  author={Halim, Joseph and Cook, Kevin M and Naguib, Michael and Eklund, Per and Gogotsi, Yury and Rosen, Johanna and Barsoum, Michel W},
  journal={Applied Surface Science},
  volume={362},
  pages={406--417},
  year={2016},
  publisher={Elsevier}
}
@article{lai2015surface,
  title={Surface group modification and carrier transport properties of layered transition metal carbides (Ti2CTx, T:--OH,--F and--O)},
  author={Lai, Shen and Jeon, Jaeho and Jang, Sung Kyu and Xu, Jiao and Choi, Young Jin and Park, Jin-Hong and Hwang, Euyheon and Lee, Sungjoo},
  journal={Nanoscale},
  volume={7},
  number={46},
  pages={19390--19396},
  year={2015},
  publisher={The Royal Society of Chemistry}
}
@article{hu2018screening,
  title={Screening surface structure of MXenes by high-throughput computation and vibrational spectroscopic confirmation},
  author={Hu, Tao and Hu, Minmin and Gao, Bo and Li, Wu and Wang, Xiaohui},
  journal={The Journal of Physical Chemistry C},
  volume={122},
  number={32},
  pages={18501--18509},
  year={2018},
  publisher={ACS Publications}
}

@article{gan2013first,
  title={First-principles analysis of MoS 2/Ti 2 C and MoS 2/Ti 2 C Y 2 (Y= F and OH) all-2D semiconductor/metal contacts},
  author={Gan, Li-Yong and Zhao, Yu-Jun and Huang, Dan and Schwingenschl{\"o}gl, Udo},
  journal={Physical Review B},
  volume={87},
  number={24},
  pages={245307},
  year={2013},
  publisher={APS}
}

@article{gao2016monolayer,
  title={Monolayer MXenes: promising half-metals and spin gapless semiconductors},
  author={Gao, Guoying and Ding, Guangqian and Li, Jie and Yao, Kailun and Wu, Menghao and Qian, Meichun},
  journal={Nanoscale},
  volume={8},
  number={16},
  pages={8986--8994},
  year={2016},
  publisher={Royal Society of Chemistry}
}

@article{zhang2018optimum,
  title={Optimum Cu nanoparticle catalysts for CO2 hydrogenation towards methanol},
  author={Zhang, Xue and Liu, Jin-Xun and Zijlstra, Bart and Filot, Ivo AW and Zhou, Zhiyou and Sun, Shigang and Hensen, Emiel JM},
  journal={Nano Energy},
  volume={43},
  pages={200--209},
  year={2018},
  publisher={Elsevier}
}

@article{lang2012gas,
  title={Gas phase metal cluster model systems for heterogeneous catalysis},
  author={Lang, Sandra M and Bernhardt, Thorsten M},
  journal={Physical Chemistry Chemical Physics},
  volume={14},
  number={26},
  pages={9255--9269},
  year={2012},
  publisher={Royal Society of Chemistry}
}

@article{yang2010fundamental,
  title={Fundamental studies of methanol synthesis from CO 2 hydrogenation on Cu (111), Cu clusters, and Cu/ZnO (0001 [combining macron])},
  author={Yang, Yixiong and Evans, Jaime and Rodriguez, Jose A and White, Michael G and Liu, Ping},
  journal={Physical Chemistry Chemical Physics},
  volume={12},
  number={33},
  pages={9909--9917},
  year={2010},
  publisher={Royal Society of Chemistry}
}

@article{campbell1989sr,
  title={Sr segregation in doped MgO},
  author={Campbell, S and Cao, LL and Cotter, M and Egdell, RG and Flavell, WR and Mok, KF and Mackrodt, WC},
  journal={Journal of Physics: Condensed Matter},
  volume={1},
  number={SB},
  pages={SB237},
  year={1989},
  publisher={IOP Publishing}
}

@article{schneider1992interaction,
  title={Interaction of carbon dioxide with clean and oxygenated Cu (110) surfaces},
  author={Schneider, T and Hirschwald, W},
  journal={Catalysis letters},
  volume={14},
  number={2},
  pages={197--205},
  year={1992},
  publisher={Springer}
}

@misc{grabow10acs,
  title={ACS Catal. 2011, 1, 365},
  author={Grabow, LC and Mavrikakis, M},
  publisher={DOI}
}



@article{rodriguez2015hydrogenation,
  title={Hydrogenation of CO2 to methanol: importance of metal--oxide and metal--carbide interfaces in the activation of CO2},
  author={Rodriguez, Jos{\'e} A and Liu, Ping and Stacchiola, Dario J and Senanayake, Sanjaya D and White, Michael G and Chen, Jingguang G},
  journal={Acs Catalysis},
  volume={5},
  number={11},
  pages={6696--6706},
  year={2015},
  publisher={ACS Publications}
}

@article{vidal2012co2,
  title={CO2 activation and methanol synthesis on novel Au/TiC and Cu/TiC catalysts},
  author={Vidal, Alba B and Feria, Leticia and Evans, Jaime and Takahashi, Yoshiro and Liu, Ping and Nakamura, Kenichi and Illas, Francesc and Rodriguez, Jose A},
  journal={The journal of physical chemistry letters},
  volume={3},
  number={16},
  pages={2275-2280},
  year={2012},
  publisher={ACS Publications}
}

@misc{rodriguez2007adsorption,
  title={Adsorption of gold on TiC (001): Au--C interactions and charge polarization},
  author={Rodriguez, JA and Vi{\~n}es, F and Illas, F and Liu, P and Takahashi, Y and Nakamura, K},
  year={2007},
  publisher={American Institute of Physics}
}

@article{gomez2011reactivity,
  title={Reactivity of transition metals (Pd, Pt, Cu, Ag, Au) toward molecular hydrogen dissociation: extended surfaces versus particles supported on TiC (001) or small is not always better and large is not always bad},
  author={Gomez, Tatiana and Florez, Elizabeth and Rodriguez, Jos{\'e} A and Illas, Francesc},
  journal={The Journal of Physical Chemistry C},
  volume={115},
  number={23},
  pages={11666--11672},
  year={2011},
  publisher={ACS Publications}
}


@article{graciani2014highly,
  title={Highly active copper-ceria and copper-ceria-titania catalysts for methanol synthesis from CO2},
  author={Graciani, Jes{\'u}s and Mudiyanselage, Kumudu and Xu, Fang and Baber, Ashleigh E and Evans, Jaime and Senanayake, Sanjaya D and Stacchiola, Dar{\'\i}o J and Liu, Ping and Hrbek, Jan and Sanz, Javier Fern{\'a}ndez and others},
  journal={Science},
  volume={345},
  number={6196},
  pages={546--550},
  year={2014},
  publisher={American Association for the Advancement of Science}
}


@article{tao2019best,
  title={What Is the Best Size of Subnanometer Copper Clusters for CO2 Conversion to Methanol at Cu/TiO2 Interfaces? A Density Functional Theory Study},
  author={Tao, Huilin and Li, Yanli and Cai, Xu and Zhou, Hegen and Li, Yi and Lin, Wei and Huang, Shuping and Ding, Kaining and Chen, Wenkai and Zhang, Yongfan},
  journal={The Journal of Physical Chemistry C},
  volume={123},
  number={39},
  pages={24118--24132},
  year={2019},
  publisher={ACS Publications}
}

@article{posada2016highly,
  title={Highly active Au/$\delta$-MoC and Cu/$\delta$-MoC catalysts for the conversion of CO2: The metal/C ratio as a key factor defining activity, selectivity, and stability},
  author={Posada-P{\'e}rez, Sergio and Ram{\'\i}rez, Pedro J and Evans, Jaime and Vi{\~n}es, Francesc and Liu, Ping and Illas, Francesc and Rodriguez, Jos{\'e} A},
  journal={Journal of the American Chemical Society},
  volume={138},
  number={26},
  pages={8269--8278},
  year={2016},
  publisher={ACS Publications}
}
@article{quesne2019carbon,
  title={Carbon dioxide and water co-adsorption on the low-index surfaces of TiC, VC, ZrC and NbC: a DFT study},
  author={Quesne, Matthew G and Roldan, Alberto and de Leeuw, Nora H and Catlow, C Richard A},
  journal={Physical Chemistry Chemical Physics},
  volume={21},
  number={20},
  pages={10750--10760},
  year={2019},
  publisher={Royal Society of Chemistry}
}

@article{posada2015structure,
  title={Structure and electronic properties of Cu nanoclusters supported on Mo2C (001) and MoC (001) surfaces},
  author={Posada-P{\'e}rez, Sergio and Vi{\~n}es, Francesc and Rodr{\'\i}guez, Jos{\'e} A and Illas, Francesc},
  journal={The Journal of Chemical Physics},
  volume={143},
  number={11},
  pages={114704},
  year={2015},
  publisher={AIP Publishing LLC}
}
@article{iyemperumal2017activation,
  title={Activation of CO 2 by supported Cu clusters},
  author={Iyemperumal, Satish Kumar and Deskins, N Aaron},
  journal={Physical Chemistry Chemical Physics},
  volume={19},
  number={42},
  pages={28788--28807},
  year={2017},
  publisher={Royal Society of Chemistry}
}


%Appendix3




@article{al2018carbon,
  title={Carbon dioxide conversion to methanol: opportunities and fundamental challenges},
  author={Al-Saydeh, Sajeda A and Zaidi, Syed Javaid},
  journal={Carbon Dioxide Chemistry, Capture and Oil Recovery},
  pages={41},
  year={2018},
  publisher={BoD--Books on Demand}
}












@article{li2015heterogeneous,
  title={Heterogeneous catalytic conversion of CO 2: a comprehensive theoretical review},
  author={Li, Yawei and Chan, Siew Hwa and Sun, Qiang},
  journal={Nanoscale},
  volume={7},
  number={19},
  pages={8663--8683},
  year={2015},
  publisher={Royal Society of Chemistry}
}

@article{dang2019review,
  title={A review of research progress on heterogeneous catalysts for methanol synthesis from carbon dioxide hydrogenation},
  author={Dang, Shanshan and Yang, Haiyan and Gao, Peng and Wang, Hui and Li, Xiaopeng and Wei, Wei and Sun, Yuhan},
  journal={Catalysis Today},
  volume={330},
  pages={61--75},
  year={2019},
  publisher={Elsevier}
}




@article{reichenbach2018ab,
  title={Ab initio study of CO2 hydrogenation mechanisms on inverse ZnO/Cu catalysts},
  author={Reichenbach, Thomas and Mondal, Krishnakanta and J{\"a}ger, Marc and Vent-Schmidt, Thomas and Himmel, Daniel and Dybbert, Valentin and Bruix, Albert and Krossing, Ingo and Walter, Michael and Moseler, Michael},
  journal={Journal of Catalysis},
  volume={360},
  pages={168--174},
  year={2018},
  publisher={Elsevier}
}

@article{campbell2012entropies,
  title={The entropies of adsorbed molecules},
  author={Campbell, Charles T and Sellers, Jason RV},
  journal={Journal of the American Chemical Society},
  volume={134},
  number={43},
  pages={18109--18115},
  year={2012},
  publisher={ACS Publications}
}




@article{reichenbach2018ab,
  title={Ab initio study of CO2 hydrogenation mechanisms on inverse ZnO/Cu catalysts},
  author={Reichenbach, Thomas and Mondal, Krishnakanta and J{\"a}ger, Marc and Vent-Schmidt, Thomas and Himmel, Daniel and Dybbert, Valentin and Bruix, Albert and Krossing, Ingo and Walter, Michael and Moseler, Michael},
  journal={Journal of Catalysis},
  volume={360},
  pages={168--174},
  year={2018},
  publisher={Elsevier}
}

@article{yang2012theoretical,
  title={Theoretical study of methanol synthesis from CO2 hydrogenation on metal-doped Cu (111) surfaces},
  author={Yang, Yixiong and White, Michael G and Liu, Ping},
  journal={The Journal of Physical Chemistry C},
  volume={116},
  number={1},
  pages={248--256},
  year={2012},
  publisher={ACS Publications}
}

@article{kattel2017active,
  title={Active sites for CO2 hydrogenation to methanol on Cu/ZnO catalysts},
  author={Kattel, Shyam and Ram{\'\i}rez, Pedro J and Chen, Jingguang G and Rodriguez, Jos{\'e} A and Liu, Ping},
  journal={Science},
  volume={355},
  number={6331},
  pages={1296--1299},
  year={2017},
  publisher={American Association for the Advancement of Science}
}

@article{brix2020tuning,
  title={Tuning Adsorption Energies and Reaction Pathways by Alloying: PdZn versus Pd for CO2 Hydrogenation to Methanol},
  author={Brix, Florian and Desbuis, Valentin and Piccolo, Laurent and Gaudry, {\'E}milie},
  journal={The Journal of Physical Chemistry Letters},
  volume={11},
  number={18},
  pages={7672--7678},
  year={2020},
  publisher={ACS Publications}
}


@ARTICLE{QE2009,
  author = {Paolo Giannozzi and Stefano Baroni and Nicola Bonini and Matteo Calandra 
           and Roberto Car and Carlo Cavazzoni and Davide Ceresoli and  Guido L Chiarotti 
           and Matteo Cococcioni and Ismaila Dabo and Andrea Dal Corso and Stefano de
           Gironcoli and Stefano Fabris and Guido Fratesi and Ralph Gebauer and Uwe 
           Gerstmann and  Christos Gougoussis and Anton Kokalj and Michele Lazzeri and
           Layla Martin-Samos and Nicola Marzari and Francesco Mauri and Riccardo Mazzarello 
           and Stefano Paolini and Alfredo Pasquarello and Lorenzo Paulatto and Carlo Sbraccia
           and Sandro Scandolo and Gabriele Sclauzero and Ari P Seitsonen and Alexander Smogunov
           and Paolo Umari and Renata M Wentzcovitch},
  title = {QUANTUM ESPRESSO: a modular and open-source software project for quantum simulations of materials.},
  journal = {J. Phys.: Condens. Matter},
  year = {2009},
  volume = {21},
  pages = {395502},
  number = {},

}


@ARTICLE{SmearingMV1999,
  author = {Nicola Marzari and David Vanderbilt and Alessandro De Vita and M. C. Payne},
  title = {Thermal contraction and disordering of the Al (110) surface},
  journal = {Phys. Rev. Lett.},
  year = {1999},
  volume = {82},
  pages = {3296-3299},
  number = {16},
    doi = { 10.1103/PhysRevLett.82.3296},
}







@article{tijm2001methanol,
  title={Methanol technology developments for the new millennium},
  author={Tijm, PJA and Waller, FJ and Brown, DM},
  journal={Applied Catalysis A: General},
  volume={221},
  number={1-2},
  pages={275--282},
  year={2001},
  publisher={Elsevier}
}


@article{rodemerck2013catalyst,
  title={Catalyst development for CO2 hydrogenation to fuels},
  author={Rodemerck, Uwe and Hole{\v{n}}a, Martin and Wagner, Edmund and Smejkal, Quido and Barkschat, Axel and Baerns, Manfred},
  journal={ChemCatChem},
  volume={5},
  number={7},
  pages={1948--1955},
  year={2013},
  publisher={Wiley Online Library}
}







@article{lu2014effect,
  title={Effect of the size-selective silver clusters on lithium peroxide morphology in lithium--oxygen batteries},
  author={Lu, Jun and Cheng, Lei and Lau, Kah Chun and Tyo, Eric and Luo, Xiangyi and Wen, Jianguo and Miller, Dean and Assary, Rajeev S and Wang, Hsien-Hau and Redfern, Paul and others},
  journal={Nature communications},
  volume={5},
  number={1},
  pages={1--8},
  year={2014},
  publisher={Nature Publishing Group}
}




%%%%%%%%%%%%%%%%%%%%%%%%%%%%%
%%INTRO_MOD_LATER
%appendix3

@article{leung2014overview,
  title={An overview of current status of carbon dioxide capture and storage technologies},
  author={Leung, Dennis YC and Caramanna, Giorgio and Maroto-Valer, M Mercedes},
  journal={Renewable and Sustainable Energy Reviews},
  volume={39},
  pages={426--443},
  year={2014},
  publisher={Elsevier}
}

@article{peters2009co,
  title={CO2: From waste to value},
  author={Peters, Martina and Mueller, Thomas and Leitner, Walter},
  journal={The Chemical Engineer},
  volume={813},
  pages={46-47},
  year={2009}
}

@book{aresta2010carbon,
  title={Carbon dioxide as chemical feedstock},
  author={Aresta, Michele},
  year={2010},
  publisher={John Wiley \& Sons}
}

@article{aresta2007utilisation,
  title={Utilisation of CO2 as a chemical feedstock: opportunities and challenges},
  author={Aresta, Michele and Dibenedetto, Angela},
  journal={Dalton transactions},
  volume={28},
  pages={2975--2992},
  year={2007},
  publisher={Royal Society of Chemistry}
}

@article{centi2009opportunities,
  title={Opportunities and prospects in the chemical recycling of carbon dioxide to fuels},
  author={Centi, Gabriele and Perathoner, Siglinda},
  journal={Catalysis Today},
  volume={148},
  number={3-4},
  pages={191--205},
  year={2009},
  publisher={Elsevier}
}

@article{al2018carbon,
  title={Carbon dioxide conversion to methanol: opportunities and fundamental challenges},
  author={Al-Saydeh, Sajeda A and Zaidi, Syed Javaid},
  journal={Carbon Dioxide Chemistry, Capture and Oil Recovery},
  pages={41},
  year={2018},
  publisher={BoD--Books on Demand}
}

@article{mcgrath2004direct,
  title={Direct methanol fuel cells},
  author={McGrath, Kimberly M and Prakash, GK Surya and Olah, George A},
  journal={Journal of Industrial and Engineering Chemistry},
  volume={10},
  number={7},
  pages={1063--1080},
  year={2004},
  publisher={Korean Society of Industrial and Engineering Chemistry/한국공업화학회}
}

@book{lee1989methanol,
  title={Methanol synthesis technology},
  author={Lee, Sunggyu},
  year={1989},
  publisher={CRC press}
}

@article{ma2009short,
  title={A short review of catalysis for CO2 conversion},
  author={Ma, Jun and Sun, Nannan and Zhang, Xuelan and Zhao, Ning and Xiao, Fukui and Wei, Wei and Sun, Yuhan},
  journal={Catalysis Today},
  volume={148},
  number={3-4},
  pages={221--231},
  year={2009},
  publisher={Elsevier}
}
@article{liu2003recent,
  title={Recent advances in catalysts for methanol synthesis via hydrogenation of CO and CO2},
  author={Liu, Xin-Mei and Lu, GQ and Yan, Zi-Feng and Beltramini, Jorge},
  journal={Industrial \& engineering chemistry research},
  volume={42},
  number={25},
  pages={6518--6530},
  year={2003},
  publisher={ACS Publications}
}

@article{song2006global,
  title={Global challenges and strategies for control, conversion and utilization of CO2 for sustainable development involving energy, catalysis, adsorption and chemical processing},
  author={Song, Chunshan},
  journal={Catalysis today},
  volume={115},
  number={1-4},
  pages={2--32},
  year={2006},
  publisher={Elsevier}
}

@article{mondal2020role,
  title={Role of geometry, charge and fluxionality of clusters in CO2 activation on supported sub-nanometer metal clusters: the case of Cu tetramers on pristine and O-terminated MXene},
  author={Mondal, Unmesh and Ghosh, Prasenjit},
  journal={Catalysis Today},
  year={2020},
  publisher={Elsevier}
}



@article{liu2015carbon,
  title={Carbon dioxide conversion to methanol over size-selected Cu4 clusters at low pressures},
  author={Liu, Cong and Yang, Bing and Tyo, Eric and Seifert, Soenke and DeBartolo, Janae and von Issendorff, Bernd and Zapol, Peter and Vajda, Stefan and Curtiss, Larry A},
  journal={Journal of the American Chemical Society},
  volume={137},
  number={27},
  pages={8676--8679},
  year={2015},
  publisher={ACS Publications}
}

@article{zhao2011insight,
  title={Insight into methanol synthesis from CO2 hydrogenation on Cu (1 1 1): complex reaction network and the effects of H2O},
  author={Zhao, Ya-Fan and Yang, Yong and Mims, Charles and Peden, Charles HF and Li, Jun and Mei, Donghai},
  journal={Journal of Catalysis},
  volume={281},
  number={2},
  pages={199--211},
  year={2011},
  publisher={Elsevier}
}
@article{grabow2011mechanism,
  title={Mechanism of methanol synthesis on Cu through CO2 and CO hydrogenation},
  author={Grabow, LC and Mavrikakis, M},
  journal={Acs Catalysis},
  volume={1},
  number={4},
  pages={365--384},
  year={2011},
  publisher={ACS Publications}
}



@article{dang2019review,
  title={A review of research progress on heterogeneous catalysts for methanol synthesis from carbon dioxide hydrogenation},
  author={Dang, Shanshan and Yang, Haiyan and Gao, Peng and Wang, Hui and Li, Xiaopeng and Wei, Wei and Sun, Yuhan},
  journal={Catalysis Today},
  volume={330},
  pages={61--75},
  year={2019},
  publisher={Elsevier}
}




@article{reichenbach2018ab,
  title={Ab initio study of CO2 hydrogenation mechanisms on inverse ZnO/Cu catalysts},
  author={Reichenbach, Thomas and Mondal, Krishnakanta and J{\"a}ger, Marc and Vent-Schmidt, Thomas and Himmel, Daniel and Dybbert, Valentin and Bruix, Albert and Krossing, Ingo and Walter, Michael and Moseler, Michael},
  journal={Journal of Catalysis},
  volume={360},
  pages={168--174},
  year={2018},
  publisher={Elsevier}
}

@article{campbell2012entropies,
  title={The entropies of adsorbed molecules},
  author={Campbell, Charles T and Sellers, Jason RV},
  journal={Journal of the American Chemical Society},
  volume={134},
  number={43},
  pages={18109--18115},
  year={2012},
  publisher={ACS Publications}
}




@article{reichenbach2018ab,
  title={Ab initio study of CO2 hydrogenation mechanisms on inverse ZnO/Cu catalysts},
  author={Reichenbach, Thomas and Mondal, Krishnakanta and J{\"a}ger, Marc and Vent-Schmidt, Thomas and Himmel, Daniel and Dybbert, Valentin and Bruix, Albert and Krossing, Ingo and Walter, Michael and Moseler, Michael},
  journal={Journal of Catalysis},
  volume={360},
  pages={168--174},
  year={2018},
  publisher={Elsevier}
}

@article{yang2012theoretical,
  title={Theoretical study of methanol synthesis from CO2 hydrogenation on metal-doped Cu (111) surfaces},
  author={Yang, Yixiong and White, Michael G and Liu, Ping},
  journal={The Journal of Physical Chemistry C},
  volume={116},
  number={1},
  pages={248--256},
  year={2012},
  publisher={ACS Publications}
}

@article{kattel2017active,
  title={Active sites for CO2 hydrogenation to methanol on Cu/ZnO catalysts},
  author={Kattel, Shyam and Ram{\'\i}rez, Pedro J and Chen, Jingguang G and Rodriguez, Jos{\'e} A and Liu, Ping},
  journal={Science},
  volume={355},
  number={6331},
  pages={1296--1299},
  year={2017},
  publisher={American Association for the Advancement of Science}
}



@article{brix2020tuning,
  title={Tuning Adsorption Energies and Reaction Pathways by Alloying: PdZn versus Pd for CO2 Hydrogenation to Methanol},
  author={Brix, Florian and Desbuis, Valentin and Piccolo, Laurent and Gaudry, {\'E}milie},
  journal={The Journal of Physical Chemistry Letters},
  volume={11},
  number={18},
  pages={7672--7678},
  year={2020},
  publisher={ACS Publications}
}

@book{lide2004crc,
  title={CRC handbook of chemistry and physics},
  author={Lide, David R},
  volume={85},
  year={2004},
  publisher={CRC press}
}



@article{grimme2006semiempirical,
  title={Semiempirical GGA-type density functional constructed with a long-range dispersion correction},
  author={Grimme, Stefan},
  journal={Journal of computational chemistry},
  volume={27},
  number={15},
  pages={1787--1799},
  year={2006},
  publisher={Wiley Online Library}
}

@article{peters2011chemical,
  title={Chemical technologies for exploiting and recycling carbon dioxide into the value chain},
  author={Peters, Martina and K{\"o}hler, Burkhard and Kuckshinrichs, Wilhelm and Leitner, Walter and Markewitz, Peter and M{\"u}ller, Thomas E},
  journal={ChemSusChem},
  volume={4},
  number={9},
  pages={1216--1240},
  year={2011},
  publisher={Wiley Online Library}
}

@article{goeppert2012air,
  title={Air as the renewable carbon source of the future: an overview of CO 2 capture from the atmosphere},
  author={Goeppert, Alain and Czaun, Miklos and Prakash, GK Surya and Olah, George A},
  journal={Energy \& Environmental Science},
  volume={5},
  number={7},
  pages={7833--7853},
  year={2012},
  publisher={Royal Society of Chemistry}
}

@book{lee2014handbook,
  title={Handbook of alternative fuel technologies},
  author={Lee, Sunggyu and Speight, James G and Loyalka, Sudarshan K},
  year={2014},
  publisher={crc Press}
}

@article{olah2013towards,
  title={Towards oil independence through renewable methanol chemistry},
  author={Olah, George A},
  journal={Angewandte Chemie International Edition},
  volume={52},
  number={1},
  pages={104--107},
  year={2013},
  publisher={Wiley Online Library}
}

@article{tijm2001methanol,
  title={Methanol technology developments for the new millennium},
  author={Tijm, PJA and Waller, FJ and Brown, DM},
  journal={Applied Catalysis A: General},
  volume={221},
  number={1-2},
  pages={275--282},
  year={2001},
  publisher={Elsevier}
}



@article{goehna1994producing,
  title={Producing methanol from CO [sub 2]},
  author={Goehna, Hermann and Koenig, PETER},
  journal={CHEMTECH;(United States)},
  volume={24},
  number={6},
  year={1994}
}

@article{gallucci2004experimental,
  title={An experimental study of CO2 hydrogenation into methanol involving a zeolite membrane reactor},
  author={Gallucci, Fausto and Paturzo, Luca and Basile, Angelo},
  journal={Chemical Engineering and Processing: Process Intensification},
  volume={43},
  number={8},
  pages={1029--1036},
  year={2004},
  publisher={Elsevier}
}





@article{yin2014atomically,
  title={Atomically precise (catalytic) particles synthesized by a novel cluster deposition instrument},
  author={Yin, C and Tyo, E and Kuchta, K and von Issendorff, B and Vajda, S},
  journal={The Journal of chemical physics},
  volume={140},
  number={17},
  pages={174201},
  year={2014},
  publisher={American Institute of Physics}
}


@article{zhong2020state,
  title={State of the art and perspectives in heterogeneous catalysis of CO 2 hydrogenation to methanol},
  author={Zhong, Jiawei and Yang, Xiaofeng and Wu, Zhilian and Liang, Binglian and Huang, Yanqiang and Zhang, Tao},
  journal={Chemical Society Reviews},
  volume={49},
  number={5},
  pages={1385--1413},
  year={2020},
  publisher={Royal Society of Chemistry}
}




@article{klinman2013hydrogen,
  title={Hydrogen tunneling links protein dynamics to enzyme catalysis},
  author={Klinman, Judith P and Kohen, Amnon},
  journal={Annual review of biochemistry},
  volume={82},
  pages={471},
  year={2013},
  publisher={NIH Public Access}
}

@article{hama2013surface,
  title={Surface processes on interstellar amorphous solid water: Adsorption, diffusion, tunneling reactions, and nuclear-spin conversion},
  author={Hama, Tetsuya and Watanabe, Naoki},
  journal={Chemical reviews},
  volume={113},
  number={12},
  pages={8783--8839},
  year={2013},
  publisher={ACS Publications}
}

@article{jorgensen2020astrochemistry,
  title={Astrochemistry during the formation of stars},
  author={J{\o}rgensen, Jes K and Belloche, Arnaud and Garrod, Robin T},
  journal={Annual Review of Astronomy and Astrophysics},
  volume={58},
  pages={727--778},
  year={2020},
  publisher={Annual Reviews}
}

@article{meisner2016atom,
  title={Atom tunneling in chemistry},
  author={Meisner, Jan and K{\"a}stner, Johannes},
  journal={Angewandte Chemie International Edition},
  volume={55},
  number={18},
  pages={5400--5413},
  year={2016},
  publisher={Wiley Online Library}
}

@article{castro2020heavy,
  title={Heavy-Atom Tunneling in Organic Reactions},
  author={Castro, Claire and Karney, William L},
  journal={Angewandte Chemie},
  volume={132},
  number={22},
  pages={8431--8442},
  year={2020},
  publisher={Wiley Online Library}
}

@article{klinman2006role,
  title={The role of tunneling in enzyme catalysis of C--H activation},
  author={Klinman, Judith P},
  journal={Biochimica et Biophysica Acta (BBA)-Bioenergetics},
  volume={1757},
  number={8},
  pages={981--987},
  year={2006},
  publisher={Elsevier}
}

@article{knapp2002environmentally,
  title={Environmentally coupled hydrogen tunneling: Linking catalysis to dynamics},
  author={Knapp, Michael J and Klinman, Judith P},
  journal={European Journal of Biochemistry},
  volume={269},
  number={13},
  pages={3113--3121},
  year={2002},
  publisher={Wiley Online Library}
}




@article{leger2019observation,
  title={Observation of quantum many-body effects due to zero point fluctuations in superconducting circuits},
  author={L{\'e}ger, S{\'e}bastien and Puertas-Mart{\'\i}nez, Javier and Bharadwaj, Karthik and Dassonneville, R{\'e}my and Delaforce, Jovian and Foroughi, Farshad and Milchakov, Vladimir and Planat, Luca and Buisson, Olivier and Naud, C{\'e}cile and others},
  journal={Nature communications},
  volume={10},
  number={1},
  pages={1--8},
  year={2019},
  publisher={Nature Publishing Group}
}




@article{kolesnikov2016quantum,
  title={Quantum tunneling of water in beryl: a new state of the water molecule},
  author={Kolesnikov, Alexander I and Reiter, George F and Choudhury, Narayani and Prisk, Timothy R and Mamontov, Eugene and Podlesnyak, Andrey and Ehlers, George and Seel, Andrew G and Wesolowski, David J and Anovitz, Lawrence M},
  journal={Physical review letters},
  volume={116},
  number={16},
  pages={167802},
  year={2016},
  publisher={APS}
}

@article{thiemens2001mass,
  title={The mass-independent ozone isotope effect},
  author={Thiemens, Mark H},
  journal={Science},
  volume={293},
  number={5528},
  pages={226--226},
  year={2001},
  publisher={American Association for the Advancement of Science}
}

@article{thiemens1999mass,
  title={Mass-independent isotope effects in planetary atmospheres and the early solar system},
  author={Thiemens, Mark H},
  journal={Science},
  volume={283},
  number={5400},
  pages={341--345},
  year={1999},
  publisher={American Association for the Advancement of Science}
}

@article{gao2019quantum,
  title={Quantum effects on H2 diffusion in zeolite rho: inverse kinetic isotope effect for sieving},
  author={Gao, Lu Gem and Zhang, Rui Ming and Xu, Xuefei and Truhlar, Donald G},
  journal={Journal of the American Chemical Society},
  volume={141},
  number={34},
  pages={13635--13642},
  year={2019},
  publisher={ACS Publications}
}


@article{feng2018proton,
  title={Proton migration in hybrid lead iodide perovskites: from classical hopping to deep quantum tunneling},
  author={Feng, Yexin and Zhao, Yicheng and Zhou, Wen-Ke and Li, Qi and Saidi, Wissam A and Zhao, Qing and Li, Xin-Zheng},
  journal={The Journal of Physical Chemistry Letters},
  volume={9},
  number={22},
  pages={6536--6543},
  year={2018},
  publisher={ACS Publications}
}

@article{pena2001chemical,
  title={Chemical structures and performance of perovskite oxides},
  author={Pena, MA and Fierro, JLG},
  journal={Chemical reviews},
  volume={101},
  number={7},
  pages={1981--2018},
  year={2001},
  publisher={ACS Publications}
}

@article{chen2017kinetic,
  title={Kinetic isotope effects provide experimental evidence for proton tunneling in methylammonium lead triiodide perovskites},
  author={Chen, Yan-Fang and Tsai, Yu-Tang and Hirsch, Lionel and Bassani, Dario M},
  journal={Journal of the American Chemical Society},
  volume={139},
  number={45},
  pages={16359--16364},
  year={2017},
  publisher={ACS Publications}
}



@article{meng2017proton,
  title={Proton-conducting crystalline porous materials},
  author={Meng, Xing and Wang, Hai-Ning and Song, Shu-Yan and Zhang, Hong-Jie},
  journal={Chemical Society Reviews},
  volume={46},
  number={2},
  pages={464--480},
  year={2017},
  publisher={Royal Society of Chemistry}
}


@article{teufel2013mfu,
  title={MFU-4--A Metal-Organic Framework for Highly Effective H2/D2 Separation},
  author={Teufel, Julia and Oh, Hyunchul and Hirscher, Michael and Wahiduzzaman, Mohammad and Zhechkov, Lyuben and Kuc, Agnieszka and Heine, Thomas and Denysenko, Dmytro and Volkmer, Dirk},
  journal={Advanced Materials},
  volume={25},
  number={4},
  pages={635--639},
  year={2013},
  publisher={Wiley Online Library}
}


@article{pettersson2022proton,
  title={Proton-coupled energy transfer in molecular triads},
  author={Pettersson Rimgard, Belinda and Tao, Zhen and Parada, Giovanny A and Cotter, Laura F and Hammes-Schiffer, Sharon and Mayer, James M and Hammarstr{\"o}m, Leif},
  journal={Science},
  volume={377},
  number={6607},
  pages={742--747},
  year={2022},
  publisher={American Association for the Advancement of Science}
}

@misc{hammes2010introduction,
  title={Introduction: Proton-coupled electron transfer},
  author={Hammes-Schiffer, Sharon},
  journal={Chemical reviews},
  volume={110},
  number={12},
  pages={6937--6938},
  year={2010},
  publisher={ACS Publications}
}

@article{warburton2022theoretical,
  title={Theoretical Modeling of Electrochemical Proton-Coupled Electron Transfer},
  author={Warburton, Robert E and Soudackov, Alexander V and Hammes-Schiffer, Sharon},
  journal={Chemical Reviews},
  year={2022},
  publisher={ACS Publications}
}



@article{adams2020quantum,
  title={Quantum effects in the brain: A review},
  author={Adams, Betony and Petruccione, Francesco},
  journal={AVS Quantum Science},
  volume={2},
  number={2},
  pages={022901},
  year={2020},
  publisher={American Vacuum Society}
}

@article{kim2021quantum,
  title={Quantum biology: An update and perspective},
  author={Kim, Youngchan and Bertagna, Federico and D’Souza, Edeline M and Heyes, Derren J and Johannissen, Linus O and Nery, Eveliny T and Pantelias, Antonio and Sanchez-Pedre{\~n}o Jimenez, Alejandro and Slocombe, Louie and Spencer, Michael G and others},
  journal={Quantum Reports},
  volume={3},
  number={1},
  pages={80--126},
  year={2021},
  publisher={MDPI}
}

@article{cazorla2017simulation,
  title={Simulation and understanding of atomic and molecular quantum crystals},
  author={Cazorla, Claudio and Boronat, Jordi},
  journal={Reviews of Modern Physics},
  volume={89},
  number={3},
  pages={035003},
  year={2017},
  publisher={APS}
}



@article{li2019recent,
  title={Recent advances in noble metal (Pt, Ru, and Ir)-based electrocatalysts for efficient hydrogen evolution reaction},
  author={Li, Changqing and Baek, Jong-Beom},
  journal={ACS omega},
  volume={5},
  number={1},
  pages={31--40},
  year={2019},
  publisher={ACS Publications}
}

@article{sarkar2018overview,
  title={An overview on Pd-based electrocatalysts for the hydrogen evolution reaction},
  author={Sarkar, Shreya and Peter, Sebastian C},
  journal={Inorganic Chemistry Frontiers},
  volume={5},
  number={9},
  pages={2060--2080},
  year={2018},
  publisher={Royal Society of Chemistry}
}

@article{fan2015wc,
  title={WC nanocrystals grown on vertically aligned carbon nanotubes: an efficient and stable electrocatalyst for hydrogen evolution reaction},
  author={Fan, Xiujun and Zhou, Haiqing and Guo, Xia},
  journal={ACS nano},
  volume={9},
  number={5},
  pages={5125--5134},
  year={2015},
  publisher={ACS Publications}
}

@article{herman1982path,
  title={On path integral Monte Carlo simulations},
  author={Herman, MF and Bruskin, EJ and Berne, BJ},
  journal={The Journal of Chemical Physics},
  volume={76},
  number={10},
  pages={5150--5155},
  year={1982},
  publisher={American Institute of Physics}
}

@article{lan2022nuclear,
  title={Nuclear quantum effects at aqueous metal interfaces captured by molecular dynamics simulations},
  author={Lan, Jinggang and Iannuzzi, Marcella},
  journal={Current Opinion in Electrochemistry},
  pages={100934},
  year={2022},
  publisher={Elsevier}
}




@PHDTHESIS{2007PhDT64S,
       author = {{Srinivasan}, Varadharajan},
        title = "{Ab initio molecular dynamics study of ferroelectric phase transitions}",
       school = {Princeton University, New Jersey},
         year = 2007,
        month = jan,
       adsurl = {https://ui.adsabs.harvard.edu/abs/2007PhDT........64S},
      adsnote = {Provided by the SAO/NASA Astrophysics Data System}
}

@article{srinivasan2011isotope,
  title={The isotope-effect in the phase transition of KH2PO4: new insights from ab initio path-integral simulations},
  author={Srinivasan, Varadharajan and Sebastiani, Daniel},
  journal={The Journal of Physical Chemistry C},
  volume={115},
  number={25},
  pages={12631--12635},
  year={2011},
  publisher={ACS Publications}
}

@article{engel2018spatially,
  title={Spatially resolved proton momentum distributions in KDP from first-principles},
  author={Engel, Edgar A},
  journal={The Journal of Chemical Physics},
  volume={148},
  number={14},
  pages={144708},
  year={2018},
  publisher={AIP Publishing LLC}
}


@article{ceriotti2010efficient,
  title={Efficient stochastic thermostatting of path integral molecular dynamics},
  author={Ceriotti, Michele and Parrinello, Michele and Markland, Thomas E and Manolopoulos, David E},
  journal={The Journal of chemical physics},
  volume={133},
  number={12},
  pages={124104},
  year={2010},
  publisher={American Institute of Physics}
}

@phdthesis{ceriotti2010novel,
  title={A novel framework for enhanced molecular dynamics based on the generalized Langevin equation},
  author={Ceriotti, Michele},
  year={2010},
  school={ETH Zurich}
}

@article{langevin1908theory,
  title={On the theory of brownian motion.},
  author={Langevin, Paul},
  journal={CR Acad Sci (Paris)},
  volume={146},
  pages={530},
  year={1908}
}

@book{zwanzig2001nonequilibrium,
  title={Nonequilibrium statistical mechanics},
  author={Zwanzig, Robert},
  year={2001},
  publisher={Oxford university press}
}

@article{van2001nature,
  title={The nature of improper, blue-shifting hydrogen bonding verified experimentally},
  author={van der Veken, Benjamin J and Herrebout, Wouter A and Szostak, Roman and Shchepkin, Dimitrij N and Havlas, Zdenek and Hobza, Pavel},
  journal={Journal of the American Chemical Society},
  volume={123},
  number={49},
  pages={12290--12293},
  year={2001},
  publisher={ACS Publications}
}

@article{martyna1992nose,
  title={Nos{\'e}--Hoover chains: The canonical ensemble via continuous dynamics},
  author={Martyna, Glenn J and Klein, Michael L and Tuckerman, Mark},
  journal={The Journal of chemical physics},
  volume={97},
  number={4},
  pages={2635--2643},
  year={1992},
  publisher={American Institute of Physics}
}

@article{tuckerman1993efficient,
  title={Efficient molecular dynamics and hybrid Monte Carlo algorithms for path integrals},
  author={Tuckerman, Mark E and Berne, Bruce J and Martyna, Glenn J and Klein, Michael L},
  journal={The Journal of Chemical Physics},
  volume={99},
  number={4},
  pages={2796--2808},
  year={1993},
  publisher={American Institute of Physics}
}

@article{skone2006calculation,
  title={Calculation of vibronic couplings for phenoxyl/phenol and benzyl/toluene self-exchange reactions: Implications for proton-coupled electron transfer mechanisms},
  author={Skone, Jonathan H and Soudackov, Alexander V and Hammes-Schiffer, Sharon},
  journal={Journal of the American Chemical Society},
  volume={128},
  number={51},
  pages={16655--16663},
  year={2006},
  publisher={ACS Publications}
}

@article{althorpe2016non,
  title={Non-adiabatic reactions: general discussion},
  author={Althorpe, Stuart C and Ananth, Nandini and Angulo, Gonzalo and Astumian, Raymond Dean and Beniwal, Vijay and Blumberger, Jochen and Bolhuis, Peter G and Ensing, Bernd and Glowacki, David R and Habershon, Scott and others},
  journal={Faraday Discussions},
  volume={195},
  pages={311--344},
  year={2016},
  publisher={Royal Society of Chemistry}
}

@article{bryenton2023delocalization,
  title={Delocalization error: The greatest outstanding challenge in density-functional theory},
  author={Bryenton, Kyle R and Adeleke, Adebayo A and Dale, Stephen G and Johnson, Erin R},
  journal={Wiley Interdisciplinary Reviews: Computational Molecular Science},
  volume={13},
  number={2},
  pages={e1631},
  year={2023},
  publisher={Wiley Online Library}
}

@article{joshi2021excited,
  title={Excited-state intramolecular proton transfer: A short introductory review},
  author={Joshi, Hem C and Antonov, Liudmil},
  journal={Molecules},
  volume={26},
  number={5},
  pages={1475},
  year={2021},
  publisher={MDPI}
}

@article{agarwal2002nuclear,
  title={Nuclear quantum effects and enzyme dynamics in dihydrofolate reductase catalysis},
  author={Agarwal, Pratul K and Billeter, Salomon R and Hammes-Schiffer, Sharon},
  journal={The Journal of Physical Chemistry B},
  volume={106},
  number={12},
  pages={3283--3293},
  year={2002},
  publisher={ACS Publications}
}

@article{kundu2021quantum,
  title={Quantum vibronic effects on the electronic properties of solid and molecular carbon},
  author={Kundu, Arpan and Govoni, Marco and Yang, Han and Ceriotti, Michele and Gygi, Francois and Galli, Giulia},
  journal={Physical Review Materials},
  volume={5},
  number={7},
  pages={L070801},
  year={2021},
  publisher={APS}
}

@article{kundu2022influence,
  title={Influence of nuclear quantum effects on the electronic properties of amorphous carbon},
  author={Kundu, Arpan and Song, Yunxiang and Galli, Giulia},
  journal={Proceedings of the National Academy of Sciences},
  volume={119},
  number={31},
  pages={e2203083119},
  year={2022},
  publisher={National Acad Sciences}
}

@article{dou2020nonadiabatic,
  title={Nonadiabatic molecular dynamics at metal surfaces},
  author={Dou, Wenjie and Subotnik, Joseph E},
  journal={The Journal of Physical Chemistry A},
  volume={124},
  number={5},
  pages={757--771},
  year={2020},
  publisher={ACS Publications}
}

@article{alducin2017non,
  title={Non-adiabatic effects in elementary reaction processes at metal surfaces},
  author={Alducin, M and Mui{\~n}o, R D{\'\i}ez and Juaristi, JI},
  journal={Progress in Surface Science},
  volume={92},
  number={4},
  pages={317--340},
  year={2017},
  publisher={Elsevier}
}

@article{ryberg1985vibrational,
  title={Vibrational line shape of chemisorbed CO},
  author={Ryberg, R},
  journal={Physical Review B},
  volume={32},
  number={4},
  pages={2671},
  year={1985},
  publisher={APS}
}



@article{schran2018converged,
  title={Converged colored noise path integral molecular dynamics study of the zundel cation down to ultralow temperatures at coupled cluster accuracy},
  author={Schran, Christoph and Brieuc, Fabien and Marx, Dominik},
  journal={Journal of chemical theory and computation},
  volume={14},
  number={10},
  pages={5068--5078},
  year={2018},
  publisher={ACS Publications}
}

@article{brieuc2016quantum,
  title={Quantum thermal bath for path integral molecular dynamics simulation},
  author={Brieuc, Fabien and Dammak, Hichem and Hayoun, Marc},
  journal={Journal of Chemical Theory and Computation},
  volume={12},
  number={3},
  pages={1351--1359},
  year={2016},
  publisher={ACS Publications}
}


@article{zheng2022nuclear,
  title={Nuclear quantum effects on the charge-density wave transition in NbX2 (X= S, Se)},
  author={Zheng, Yueshao and Jiang, Xingxing and Xue, Xiong-Xiong and Yao, Xiaolong and Zeng, Jiang and Chen, Ke-Qiu and Wang, Enge and Feng, Yexin},
  journal={Nano Letters},
  volume={22},
  number={5},
  pages={1858--1865},
  year={2022},
  publisher={ACS Publications}
}

@article{kroger2006electron,
  title={Electron--phonon coupling at metal surfaces},
  author={Kr{\"o}ger, J},
  journal={Reports on Progress in Physics},
  volume={69},
  number={4},
  pages={899},
  year={2006},
  publisher={IOP Publishing}
}

@article{sholl1998generalized,
  title={A generalized surface hopping method},
  author={Sholl, David S and Tully, John C},
  journal={The Journal of chemical physics},
  volume={109},
  number={18},
  pages={7702--7710},
  year={1998},
  publisher={American Institute of Physics}
}


